1918 2251
938 25 989 65 16

150 134 318 165 certamen
340 134 376 164 et
397 130 573 164 discrimen
596 127 897 174 (entscheidender
919 129 1059 173 Kampf,
1088 129 1523 177 Entscheidungs-Kampf)
1536 129 1595 176 ¹),
1622 132 1676 166 De
1697 131 1775 166 Div.

151 183 186 227 1,
206 185 268 227 43,
291 185 357 228 953
385 183 510 216 honore
532 182 715 225 iudicioque
739 179 975 226 (ebrenvolles
998 179 1213 227 Urtheil]²),
1235 182 1315 215 Tac.
1337 183 1455 228 Agric.
1473 187 1527 218 43.
1549 202 1592 207 —-
1616 186 1667 218 cui
1690 184 1776 228 quod

151 236 271 279 opponi
293 237 418 280 possit,
441 236 563 280 legitur
586 235 672 278 apud
695 234 890 268 Ciceronem
911 233 970 267 Or.
992 236 1031 279 3,
1062 236 1115 268 13.
1137 244 1200 268 nec
1221 244 1397 279 paucorum
1420 237 1572 272 iudicium
1593 237 1777 281 repreben-

151 290 345 332 sionemque
370 288 569 334 (tadelndes
592 284 742 333 Urtheil)
765 288 939 331 pertimuit.

309 395 404 436 Quod
434 394 478 428 ad
510 393 545 438 S.
567 396 633 427 767
660 395 794 438 attinet,
829 394 893 427 iam
921 394 1034 437 plures
1064 393 1263 438 docuerunt,
1302 395 1492 438 pronomina
1513 396 1570 429 hic
1592 400 1627 430 et
1649 396 1710 430 ille
1730 397 1776 430 itt

150 449 320 492 usurpari,
349 451 385 480 ut
413 457 486 481 cum
513 448 663 491 genitivo
691 457 752 490 pro
781 448 898 480 iterato
928 447 1135 480 substantivo
1164 447 1272 490 posita
1295 447 1486 493 videamur,
1510 448 1601 481 velut
1624 448 1694 483 cic.
1715 458 1776 493 pro

150 500 254 532 Arch.
282 504 355 543 poe‘.
380 502 438 543 11,
465 502 518 532 28.
563 500 693 532 Nullam
724 500 809 533 enim
838 500 944 532 virtus
975 499 1072 531 aliam
1098 498 1284 532 mercedem
1313 500 1461 533 laborum
1497 501 1777 544 periculorumque

150 552 322 586 desiderat
343 556 477 595 praeter
499 552 585 584 hano
606 552 715 584 laudis
738 554 772 584 et
793 552 938 595 gloriae,
974 561 1038 594 qua
1067 551 1196 593 quidem
1227 551 1392 595 detracta,
1429 552 1573 597 iudices,
1608 552 1685 596 quid
1712 556 1777 595 est,

150 604 237 647 quod
260 605 294 636 in
317 605 380 637 hoc
402 608 468 636 tam
492 604 614 647 exiguo
637 604 728 636 vitae
750 603 911 635 curriculo
942 606 976 637 et
1005 607 1070 636 tam
1098 604 1193 637 brevi
1224 606 1323 636 tantis
1346 614 1409 637 nos
1431 605 1465 637 in
1487 605 1654 638 laboribus
1676 615 1778 638 exer-

151 666 284 689 ceamus
298 653 364 700 ³]⁴.2
388 659 422 689 et
445 655 503 689 0r.
526 655 611 688 Phil.
635 655 677 700 V,
702 657 760 699 13,
783 657 837 688 35.
859 656 976 698 Neque
999 657 1085 691 enim
1107 656 1205 688 ullam
1226 656 1413 689 mercedem
1435 659 1526 689 tanta
1547 658 1655 690 virtus
1677 666 1778 700 prae·—

151 712 202 742 ter
223 709 309 742 hanc
330 708 438 742 laudis
461 709 655 753 gloriaeque
678 707 866 751 desiderat3
889 711 923 741 et
944 709 1038 740 Brut.
1060 709 1120 751 21,
1143 709 1198 740 83.
1227 708 1275 740 At
1305 709 1410 741 oratio
1434 709 1539 743 Laelii
1560 709 1603 742 de
1626 710 1776 754 collegiis

149 771 215 794 non
237 762 369 805 melior,
393 771 489 804 quam
512 760 554 793 de
576 761 685 793 multis
706 769 801 802 quam
823 761 918 793 voles
943 760 1126 803 Scipionis,
1153 770 1219 792 non
1242 770 1305 802 quo
1329 761 1385 793 illa
1407 762 1514 795 Laelii
1542 762 1712 804 quicquam
1734 764 1778 795 sit

149 813 293 858 dulcius,
316 832 361 836 —
384 814 501 856 quibus
523 812 610 846 adde
634 813 733 846 haec:
757 812 809 846 De
833 812 891 845 Or.
914 813 982 857 ΙΙΙ,
1013 814 1071 856 48,
1103 814 1177 845 184.
1221 813 1339 855 Neque
1361 823 1443 846 vero
1473 813 1556 847 haec
1578 817 1644 847 tam
1666 824 1778 848 acrem

150 876 260 899 curam
282 867 549 910 diligentiamque
573 866 785 908 desiderant,
823 875 918 907 quam
941 869 993 898 est
1020 866 1077 897 illa
1105 867 1290 910 poetarum,
1320 866 1360 898 In
1388 865 1512 900 Caecil.
1538 867 1617 900 DiV.
1642 869 1700 911 11,
1722 869 1777 900 36.

150 918 232 951 Cum
255 919 360 951 omnis
383 919 575 962 arrogantia
603 918 720 950 odiosa
748 920 818 960 est,
850 921 916 949 tum
944 918 1000 949 illa
1027 917 1152 961 ingenii
1182 920 1281 960 atque
1311 918 1517 960 eloquentiae
1545 920 1645 951 multo
1672 919 1777 952 mole-

149 971 316 1015 stissima,
341 971 426 1003 Phil.
450 971 512 1013 vl,
535 972 575 1013 5,
601 971 653 1003 13.
681 970 721 1002 In
743 969 815 1002 soro
839 970 878 1002 L.
902 969 1037 1002 Antonii
1060 972 1201 1002 statuam
1222 966 1389 1014 videmus,
1413 971 1498 1003 sicut
1518 971 1606 1004 illam
1628 970 1668 1012 Q.
1691 971 1778 1005 Tre-

148 1024 243 1066 muli,
268 1024 321 1065 qui
344 1023 511 1056 Hernicos
535 1022 669 1065 devicit,
694 1024 770 1054 ante
794 1020 946 1054 Castoris
957 1018 1010 1065 ⁴).
1033 1040 1076 1044 —-
1099 1025 1133 1054 et
1156 1020 1214 1054 Or.
1236 1022 1386 1066 xxxu,
1412 1024 1485 1055 114.
1508 1023 1594 1066 quod
1616 1023 1700 1057 haec
1720 1033 1779 1057 ra·

150 1076 194 1108 tio
219 1075 351 1108 dicendi
373 1075 470 1107 latior
493 1075 554 1118 sit,
577 1074 633 1106 illa
654 1073 807 1115 loquendi
831 1074 1046 1117 contractior3
1068 1073 1121 1106 De
1143 1074 1216 1106 Fin.
1239 1074 1280 1118 V,
1302 1077 1335 1118 9,
1357 1076 1411 1107 23.
1436 1074 1505 1119 Sic,
1529 1076 1674 1109 exclusis
1697 1085 1779 1109 sen-
1842 1106 1845 1109 ⁴

150 1128 262 1161 tentiis
285 1128 501 1170 reliquorum,
534 1136 631 1168 quum
654 1128 829 1168 praeterea
852 1126 940 1158 nulla
963 1136 1043 1159 esse
1066 1127 1190 1170 possit,
1222 1126 1305 1159 haec
1334 1128 1537 1170 antiquorum
1558 1129 1688 1173 valeat,
1715 1138 1778 1162 ne-

150 1189 249 1212 cesse
272 1183 337 1212 est.
360 1197 402 1201 —
425 1179 477 1211 De
499 1179 579 1211 Div.
600 1178 645 1221 ΙΙ,
669 1180 723 1220 49,
748 1179 821 1210 101.
844 1178 918 1209 Non
942 1178 1077 1221 ignoro,
1100 1178 1241 1221 inquam,
1265 1178 1395 1222 Quinte,
1419 1182 1453 1212 te
1475 1190 1607 1223 semper
1628 1181 1674 1213 ita
1696 1191 1778 1214 sen-

150 1233 251 1275 sisse,
276 1234 311 1264 ut
325 1231 367 1264 de
382 1231 504 1263 ceteris
519 1229 688 1262 divinandi
711 1230 892 1274 generibus
915 1229 1100 1273 dubitares3
1124 1230 1190 1262 ista
1212 1230 1287 1274 duo,
1311 1230 1432 1263 suroris
1451 1234 1485 1264 et
1506 1234 1633 1277 somnii,
1657 1242 1741 1276 quae
1755 1242 1777 1266 a

148 1284 254 1317 libera
275 1286 384 1317 mente
407 1283 511 1316 fluere
534 1282 743 1322 viderentur,
766 1282 927 1324 probares
938 1278 990 1324 ⁵).
1012 1299 1055 1304 —
1085 1282 1132 1314 At
1154 1283 1207 1324 qui
1230 1282 1272 1315 de
1294 1283 1414 1316 talibus
1438 1288 1580 1328 egerunt
1600 1285 1701 1330 locis,
1730 1286 1776 1319 ita

150 1347 263 1370 omnes
286 1346 368 1370 esse
391 1338 598 1378 comparatos
622 1336 870 1377 concesserunt,
893 1336 929 1366 ut
950 1334 1142 1376 pronomina
1163 1335 1218 1367 illa
1241 1345 1334 1368 suum
1357 1336 1575 1380 significatum
1597 1339 1774 1372 obtineant.

149 1389 249 1423 Immo
272 1389 318 1421 ita
340 1389 518 1432 comparati
541 1390 628 1432 sunt,
652 1390 687 1420 ut
709 1387 877 1432 genitivus
900 1385 972 1419 fere
995 1387 1137 1430 potuerit
1157 1387 1291 1432 abesse,
1312 1388 1376 1421 nisi
1389 1389 1575 1424 voluissent
1597 1392 1695 1424 etiam
1715 1401 1775 1425 ac-

149 1443 295 1476 curatius
318 1442 500 1485 scriptores
523 1440 567 1485 id,
591 1440 634 1474 de
657 1450 720 1483 quo
743 1440 864 1485 agitur,
887 1439 1065 1483 explicare,
1088 1440 1122 1473 id
1145 1439 1232 1483 quod
1252 1441 1391 1474 maxime
1414 1445 1514 1485 patet,
1539 1444 1594 1476 ubi
1616 1445 1677 1477 ille
1699 1449 1775 1488 post

149 1494 377 1536 interpositam
398 1494 525 1527 demum
548 1502 620 1526 cum
641 1493 832 1535 pronomine
855 1492 993 1524 relativo
1018 1493 1214 1525 sententium
1229 1494 1386 1536 sequitur,
1410 1498 1444 1526 ut
1467 1494 1535 1527 Cic.
1558 1496 1611 1529 De
1625 1495 1717 1529 Orat.
1730 1497 1775 1535 ΙΙ..

150 1549 211 1591 24,
235 1547 310 1578 101.
338 1546 390 1578 lta
413 1545 487 1579 dum
510 1546 649 1578 inertiae
672 1545 962 1587 vituperationem,
985 1553 1070 1586 quae
1092 1545 1194 1577 maior
1218 1548 1289 1588 est,
1314 1548 1531 1592 contemnunt,
1553 1536 1774 1591 assequuntur

152 1600 249 1633 etiam
270 1599 374 1641 illam,
398 1607 494 1640 quam
516 1599 623 1642 magis
647 1597 712 1640 ipsi
734 1597 879 1641 fugiunt,
902 1596 1079 1629 tarditatis.
1103 1615 1146 1619 —
1168 1601 1202 1630 ct
1224 1597 1321 1630 Verr.
1344 1598 1395 1641 ΙΙ,
1425 1599 1510 1643 1111,
1532 1601 1593 1645 37,
1616 1602 1669 1634 81.
1691 1612 1774 1645 quae

152 1653 304 1695 cognatio
328 1650 511 1684 studiorum
531 1654 565 1683 ct
586 1651 703 1682 artium
726 1649 956 1692 propemodum
978 1659 1044 1681 non
1066 1650 1171 1682 minus
1194 1653 1248 1683 est
1270 1651 1459 1695 coniuncta,
1491 1662 1585 1693 quam
1607 1653 1687 1698 ista,
1710 1665 1774 1697 qua

150 1714 215 1737 vos
238 1703 461 1748 delectamini,
484 1703 621 1747 generis
645 1704 679 1736 et
701 1702 858 1746 nominis,
882 1718 924 1724 —-
948 1704 982 1735 et
1003 1701 1058 1734 ubi
1080 1711 1162 1735 vere
1184 1702 1239 1735 ille
1262 1702 1406 1735 omissus
1429 1706 1499 1747 est,
1523 1705 1614 1738 cuius
1636 1709 1773 1751 generis

149 1761 223 1800 est,
245 1755 332 1798 quod
353 1756 475 1800 legitur
495 1755 550 1789 De
573 1753 636 1788 Off.
666 1755 733 1799 ΙΙΙ,
765 1756 802 1799 1,
835 1755 887 1787 11.
932 1753 1005 1788 Sed
1033 1764 1097 1789 nec
1123 1754 1186 1788 hoc
1213 1755 1312 1788 otium
1334 1764 1406 1789 cum
1427 1755 1576 1791 Africani
1600 1760 1682 1804 otio,
1711 1770 1773 1794 nec

310 1879 341 1913 l)
366 1878 412 1906 Cf.
436 1878 481 1904 De
506 1879 554 1906 Or.
572 1878 602 1912 1,
631 1878 660 1912 ¹,
686 1878 711 1906 3.

307 1932 337 1963 2)
363 1931 407 1957 Cf.
426 1931 484 1957 cie.
503 1931 557 1965 Ep.
575 1931 609 1956 ad
629 1931 707 1957 Fam.
727 1930 757 1961 Ι,
777 1930 810 1963 9,
830 1929 879 1964 143
898 1933 926 1956 et
942 1931 1004 1957 Liv.
1023 1930 1191 1963 XXXXV,
1208 1930 1259 1963 23,
1279 1931 1321 1959 16.
1339 1930 1488 1958 honoribus
1507 1942 1537 1958 ne
1554 1934 1667 1960 iudicii..

306 1982 339 2016 3)
364 1981 405 2009 Cf
429 1982 575 2009 Stuerenb.
592 1982 626 2008 ad
644 1982 669 2009 h.
690 1982 711 2008 l.

306 2036 339 2069 ⁴)
363 2035 407 2063 Cf.
427 2035 470 2061 De
486 2035 529 2061 bis
547 2036 582 2062 A.
601 2034 665 2064 Seh.
684 2036 717 2064 Z.
735 2035 818 2068 1828,
837 2035 904 2068 4811,
923 2048 958 2055 —
975 2034 1026 2069 873
1044 2034 1122 2062 Billr.
1140 2035 1201 2062 L-t.
1219 2035 1422 2070 Selinlgramm.
1443 2036 1488 2064 210
1506 2040 1540 2066 A.
1565 2039 1591 2071 §.
1610 2038 1670 2066 239.
1691 2041 1726 2066 A.
1744 2041 1769 2067 2.

358 2079 435 2109 Prof.
452 2080 574 2114 Reisig'a
592 2079 721 2107 Vorlem.
738 2084 789 2108 ate.
806 2080 845 2106 N.
863 2078 925 2107 363.
977 2079 1009 2113 ⁵)
1028 2078 1072 2106 Cf.
1090 2079 1172 2106 verr.
1191 2081 1230 2114 ΙΙ,
1248 2081 1272 2114 1,
1292 2081 1340 2114 15,
1357 2082 1402 2107 40.
