1918 2251
936 14 987 54 12

152 121 293 168 aliquod
317 125 495 165 tamquam
516 117 766 151 adminiculum
788 115 961 162 annititur,
997 116 1084 161 quod
1111 116 1146 151 iu
1173 117 1371 154 amicissimo
1398 128 1527 165 quoque
1556 119 1780 156 dulcissimum

151 174 322 211 est—cui
336 173 440 207 simile
463 175 517 206 est
538 172 616 205 hoc:
641 170 830 214 or.2³,·77.
853 171 909 204 ille
932 174 1095 213 tamquam
1116 170 1236 204 hiatus.
1259 190 1302 195 ——
1324 181 1345 204 a
1366 182 1429 215 quo
1453 185 1516 207 usu
1538 175 1635 218 quasi
1657 171 1778 218 [nicol]

151 228 259 272 magis
282 225 409 259 recedit
424 221 474 268 ¹).
518 224 560 256 In
589 223 830 266 comparatione
858 223 967 266 paullo
996 223 1102 255 minus
1131 223 1296 266 exquisita
1318 224 1415 257 etiam
1437 226 1525 258 eicut
1548 226 1779 270 aliquiecon-

151 282 261 314 iuncta
280 278 492 312 inveniuntur
515 275 585 309 Cic.
608 275 660 309 De
683 276 794 320 Legg.
816 274 850 319 Ι,
872 277 936 319 22,
959 276 1013 308 59.
1057 275 1142 307 Nam
1173 276 1228 318 qui
1257 286 1296 309 se
1319 277 1393 320 ipse
1415 278 1524 321 novit,
1558 279 1694 321 primum
1716 278 1781 311 ali-

154 332 232 375 quid
255 342 294 364 se
317 331 441 363 habere
465 330 588 362 sentiet
607 328 751 360 divinum
771 327 1004 371 ingeniumque
1027 327 1062 359 in
1084 337 1124 360 se
1147 338 1258 372 suum,
1288 329 1376 361 sicut
1398 329 1605 363 simulacrum
1627 330 1778 373 aliquod,

153 384 338 419 dedicatum
358 378 548 425 putabit2).

309 487 447 520 Poterat
458 485 598 527 denique
610 485 723 518 afferri
735 485 838 529 locus,
855 484 909 517 ubi
922 494 994 517 cum
1004 484 1179 518 adiectivis
1193 484 1275 517 solis
1290 485 1407 518 eadem
1419 486 1455 518 vi
1471 486 1674 519 coniunctum
1687 490 1782 522 esset

154 541 337 586 quiddam,
362 549 424 582 quo
448 540 524 571 sunt
546 537 629 570 haec
652 536 830 570 referenda
853 535 923 569 Cic.
945 536 999 570 De
1021 536 1080 570 Or.
1103 537 1171 580 111,
1199 538 1258 581 61,
1282 539 1358 570 227.
1379 538 1465 570 Nam
1486 548 1508 570 a
1529 538 1687 581 principio
1711 539 1782 572 cla-

153 603 244 627 mare
267 597 397 636 agreste
420 590 584 634 quiddam
611 592 666 622 est
695 592 729 622 et
755 589 842 622 idem
869 588 948 621 illud
978 588 1020 621 ad
1045 588 1236 621 firmandam
1263 592 1317 622 est
1346 599 1463 623 vocem
1491 591 1656 635 salutare,
1680 590 1781 624 Tusc-

153 644 323 689 Disp--V,
347 644 404 687 41,
429 644 501 675 119.
547 640 674 682 Quodsi
696 642 719 674 ii
747 640 947 685 philosophi,
972 651 1107 684 quorum
1129 651 1170 675 ea
1192 642 1357 675 sententia
1380 645 1448 686 est,
1471 645 1507 675 ut
1529 643 1636 676 virtus
1659 653 1720 687 per
1741 653 1781 678 se

153 699 228 742 ipsa
249 696 328 731 nihil
350 696 463 728 valcat
485 704 654 737 omneque,
679 694 765 736 quod
787 693 959 726 honestum
982 703 1044 726 nos
1068 696 1103 726 et
1124 693 1287 727 laudabile
1311 704 1391 728 esse
1414 694 1560 739 dicimuS,
1582 695 1616 728 id
1638 696 1686 728 illi
1707 708 1783 729 caa-

154 763 230 785 sum
258 749 424 794 quiddam
453 750 487 780 et
514 747 603 779 inani
625 747 719 779 vocis
752 755 835 778 sono
867 745 1056 778 decoratum
1078 755 1158 779 esse
1182 745 1315 790 dicant,
1352 749 1462 780 tamen
1492 757 1625 791 semper
1650 748 1783 782 beatum

154 805 294 837 censent
315 811 396 834 esse
420 800 620 842 sapientem,
655 798 732 841 quid
758 798 891 831 tandem
921 807 942 830 a
963 796 1104 832 Socrate
1135 801 1169 831 et
1191 798 1347 842 Platone,
1378 798 1536 842 perfectis
1565 799 1782 844 philosophis,

155 854 340 889 faciendum
361 847 486 896 putes?
510 869 552 874 -
574 851 646 894 ubi,
669 860 766 893 quum
788 851 942 883 attributo
966 849 1151 883 adiunctum
1173 850 1218 882 sit
1239 851 1420 894 quiddam,
1456 851 1552 885 facile
1574 852 1699 885 abesse
1720 861 1784 895 po-

155 908 233 951 tuit,
265 905 351 950 quod
382 904 527 938 additum
552 903 751 946 praesertim
780 903 884 936 altero
915 902 987 935 loco
1017 905 1166 945 notetur,
1202 912 1265 945 quo
1295 902 1382 936 idem
1409 904 1547 937 verbum
1574 904 1783 948 praecedent

156 960 346 1003 simpliciter
367 957 521 990 adiuncta
543 955 642 989 habet
662 956 838 988 honestam
860 957 895 988 et
916 954 1090 987 laudabile
1111 954 1276 987 adiectiva
1287 952 1335 998 ³).

313 1060 350 1105 S.
372 1063 449 1094 723.
495 1059 714 1099 Quam-tam
741 1058 923 1102 particulae
953 1059 1059 1092 altero
1088 1058 1231 1092 membro
1254 1058 1353 1092 etiam
1383 1059 1445 1103 illi,
1475 1059 1560 1102 quod
1587 1061 1784 1105 praecessit,

157 1118 331 1161 cognatum
354 1114 388 1146 vi
411 1123 451 1146 ac
473 1114 638 1155 potestate
661 1111 858 1144 adiectivum
881 1111 1085 1154 superlativo
1109 1111 1228 1144 elatum
1250 1111 1408 1145 exhibent
1431 1110 1500 1145 Cic.
1522 1113 1576 1146 De
1594 1112 1657 1146 Off.
1679 1113 1707 1157 Ι,
1729 1115 1784 1157 34,

158 1171 233 1203 123.
255 1166 401 1200 Luxuria
423 1175 521 1208 vero,
557 1173 653 1206 quum
681 1163 767 1196 omni
793 1163 894 1197 aetati
922 1164 1048 1207 turpis,
1085 1166 1151 1196 tum
1182 1164 1346 1197 senectuti
1368 1163 1560 1198 foedissima
1581 1168 1645 1199 est.
1679 1166 1720 1199 In
1743 1165 1783 1206 Q.

158 1221 258 1254 Caec.
280 1220 360 1253 niv.
382 1221 421 1257 2,
443 1219 503 1255 336.
536 1217 621 1248 Nam
643 1226 740 1258 quum
762 1217 867 1248 omnis
889 1216 1082 1260 arrogantia
1113 1215 1230 1248 odiosa
1258 1218 1327 1258 est,
1358 1218 1425 1248 tum
1453 1217 1509 1248 illa
1530 1218 1656 1261 ingenii
1684 1221 1784 1260 atque

158 1271 363 1315 eloquentiae
385 1269 483 1301 multo
506 1268 800 1300 molestissima.-—
815 1267 907 1299 Idem
921 1267 1118 1300 adiectivum
1132 1267 1335 1310 superlativo
1359 1270 1488 1300 auctum
1510 1278 1582 1302 cum
1603 1270 1658 1301 vel
1679 1270 1785 1313 parti-

158 1325 231 1358 cula
254 1322 423 1356 subiicitur
437 1320 503 1358 >0r.
526 1330 586 1363 pro
609 1320 711 1351 Rosc.
734 1319 808 1351 Am.
831 1321 871 1362 3,
894 1321 926 1351 8.
955 1320 1074 1352 Nonne
1098 1328 1193 1360 quum
1215 1319 1314 1351 multa
1336 1319 1483 1363 indigna,
1506 1323 1572 1353 tum
1594 1321 1650 1353 vel
1674 1320 1729 1365 (h.
1752 1331 1784 1355 e.

158 1381 195 1410 ut
216 1375 257 1409 de
279 1375 354 1407 aliis
376 1369 526 1416 taceam)
549 1372 612 1404 hoc
633 1370 896 1415 indignissimum
908 1373 973 1414 est,
996 1380 1060 1403 vos
1083 1370 1221 1404 idoneos
1244 1370 1386 1415 habitos,
1408 1381 1470 1414 per
1492 1381 1626 1414 quorum
1648 1376 1787 1407 senten-

158 1430 224 1462 tias
246 1428 362 1469 iusque
384 1424 555 1459 iurandum
577 1423 611 1456 id
633 1426 873 1467 assequantur,
907 1422 995 1466 quod
1017 1425 1116 1456 antea
1135 1423 1201 1467 ipsi
1223 1423 1354 1457 scelere
1376 1426 1411 1457 et
1431 1423 1521 1459 ferro
1543 1425 1681 1469 assequi
1703 1435 1785 1460 con-

159 1475 323 1514 suerunt?

317 1554 354 1601 §.
376 1557 452 1589 ⁸731.
475 1553 600 1588 Contra
618 1566 748 1599 parum
770 1563 830 1597 pro
854 1563 916 1587 sua
930 1553 966 1586 vi
988 1562 1029 1586 ac
1050 1556 1215 1597 potestate
1238 1562 1304 1587 non
1327 1554 1442 1588 subiici
1465 1556 1646 1599 particulae
1667 1567 1781 1599 quam,

161 1612 213 1645 cui
234 1609 423 1653 adiungitur
446 1608 553 1651 potius
577 1619 655 1646 non,
687 1607 803 1650 paucis
835 1605 1017 1639 docendum
1038 1605 1145 1639 fuisse
1167 1608 1275 1649 putes.
1300 1605 1370 1639 Cic.
1394 1605 1452 1640 Or.
1475 1617 1535 1650 pro
1557 1608 1626 1640 Mil.
1651 1609 1709 1652 16,
1731 1610 1784 1643 43.

160 1664 257 1698 Hunc
287 1662 372 1695 diem
402 1661 503 1705 igitur
532 1659 635 1703 campi
663 1662 832 1703 speratum
861 1661 959 1702 atque
989 1661 1176 1702 exoptatum
1204 1658 1268 1692 sibi
1295 1668 1485 1703 proponens
1508 1660 1604 1703 Milo,
1640 1662 1783 1696 cruentis

319 1779 350 1817 1>
373 1782 419 1810 Cf.
443 1791 503 1808 eum
526 1782 578 1813 iis,
607 1790 675 1816 quac
699 1790 783 1816 supra
806 1780 889 1806 allata
907 1782 972 1806 aunt
988 1789 1022 1806 ex
1040 1781 1084 1806 De
1102 1780 1153 1806 Or.
1171 1780 1204 1813 1,
1228 1779 1277 1813 ⁴6,
1301 1780 1363 1813 201,
1381 1779 1462 1807 haee:
1492 1780 1547 1807 Est
1563 1782 1633 1808 enim
1652 1783 1783 1818 quaedam

370 1826 448 1862 quasi
466 1826 592 1851 materies
611 1824 732 1851 subiecta
749 1824 899 1858 honestati,
917 1833 986 1860 quae
1003 1825 1120 1850 maxime
1138 1825 1276 1859 spectatur
1294 1824 1321 1850 in
1340 1825 1477 1858 amicitiis,
1507 1826 1557 1852 Or.
1577 1827 1651 1854 Part.
1669 1827 1713 1860 25,
1731 1826 1782 1858 883

371 1872 420 1897 Or.
440 1879 491 1904 pro
510 1869 602 1896 Plane.
622 1868 653 1901 6,
678 1869 711 1894 15
738 1868 854 1903 quodam
881 1869 958 1903 quasi
976 1871 1068 1899 aestn3
1104 1867 1187 1894 Tune.
1207 1868 1287 1902 nisp.
1308 1868 1338 1900 1,
1357 1869 1404 1900 12,
1422 1869 1465 1895 27.
1484 1878 1529 1904 qu.
1548 1871 1626 1904 quasi
1643 1863 1783 1904 migratio-

370 1919 447 1945 neu-3
464 1912 549 1938 Aead.
571 1922 611 1947 pr.
630 1911 667 1945 ll,
685 1911 729 1944 41,
749 1910 810 1937 127.
827 1910 951 1937 naturale
969 1910 1104 1946 quoddam
1123 1911 1200 1946 quasi
1217 1910 1356 1946 pabulum.
1393 1912 1437 1938 De
1447 1911 1503 1939 Off.
1522 1911 1563 1945 ΙΙΙ,
1577 1912 1620 1947 ¹9,
1639 1913 1682 1941 76.
1702 1913 1782 1948 quod.

370 1965 449 1992 quasi
467 1964 580 1984 veneno.

316 2009 349 2043 2)
374 2008 419 2035 Cf·
437 2008 475 2034 ib.
491 2009 541 2041 23,
558 2007 595 2034 60
612 2017 636 2034 ι.
655 2007 745 2033 labem
764 2017 789 2033 ι.
809 2007 958 2035 dedecoris.

317 2061 349 2092 3)
375 2061 420 2090 Cf.
447 2061 492 2087 De
520 2059 576 2089 off.
601 2061 631 2094 Ι,
657 2060 708 2093 23,
735 2059 778 2088 8¹.
807 2061 923 2086 immane
950 2059 1085 2095 quida-n.
