1918 2251
156 135 252 174 rari?
274 157 318 163 —
346 140 381 172 et
403 137 446 171 de
468 135 527 170 Or.
548 136 584 180 I,
605 136 666 179 22,
693 136 765 168 10⁴.
811 134 937 176 Quodsi
959 139 1010 180 te,
1038 134 1154 180 Cotta,
1183 137 1381 182 arbitrarer,
1408 140 1465 171 aut
1485 140 1536 177 te,
1565 136 1707 182 Sulpici,
1737 135 1782 173 de

157 193 199 227 iis
221 192 323 226 rebus
346 190 461 224 audire
483 189 589 233 velle,
623 188 837 221 adduxissem
860 184 924 222 lide
945 187 1115 222 Graecum
1138 189 1305 234 aliquem,
1336 190 1392 233 qui
1414 200 1477 224 vos
1499 190 1685 223 istiusmodi
1706 190 1781 224 dis—

157 245 379 290 putationibus
402 243 599 286 delectaret3
629 240 714 284 quod
738 251 779 274 ne
810 250 896 273 nunc
919 240 1047 283 quidem
1077 241 1211 275 difficile
1232 241 1326 275 factu·
1344 244 1409 275 est.
1429 261 1473 267 —
1496 246 1531 277 et
1552 241 1652 276 Caes.
1672 242 1722 276 B.
1738 242 1780 277 G.

157 298 209 342 V,
232 299 286 330 51.
310 315 353 319 —
375 294 659 339 praeconibusque
688 293 921 325 circummissis
950 294 1155 335 pronuntiari
1178 294 1308 338 iubent,
1341 303 1403 327 seu
1436 295 1512 337 quis
1540 294 1681 332 Gallus,
1717 305 1779 328 seu

157 350 233 395 quis
255 348 434 380 Romanus
454 346 536 379 velit
558 349 635 378 ante
657 344 770 377 horam
792 344 920 377 tertiam
943 344 987 377 ad
1009 354 1049 378 se
1071 345 1232 389 transire,
1255 345 1328 379 sine
1350 346 1495 389 periculo
1511 346 1630 380 licere.
1653 363 1696 370 —

315 408 440 441 Contra
462 417 534 440 cum
556 405 690 448 reliquis
713 405 791 439 item
813 405 985 439 adiectivis
1008 406 1123 438 nullm
1136 409 1169 439 et
1180 406 1271 438 ullus
1293 416 1397 450 saepe
1421 406 1671 452 coniunguntur,
1694 415 1778 450 quae

153 473 215 507 per
238 472 277 496 se
300 461 374 494 sola
394 462 518 492 tantum
540 468 599 502 pro
621 458 840 490 substantivis
863 457 956 501 poni,
981 457 1158 490 concludas
1174 467 1216 490 ex
1237 458 1320 491 loeis
1344 458 1431 502 apud
1453 459 1636 502 Zumptium
1658 459 1778 493 allatis.

153 517 240 549 Nam
262 515 452 558 plerumque
475 521 574 554 sane,
597 513 633 543 ut
654 510 707 543 bis
731 510 890 553 exemplis
914 513 1004 554 utar,
1033 510 1189 553 scriptum
1210 511 1379 543 invenias:
1420 510 1530 544 Nemo
1552 510 1700 555 plebeius
1722 511 1780 545 vel

154 567 339 613 patricius,
363 568 399 598 ut
422 565 495 596 Liv.
518 563 606 606 IIII,
636 564 674 606 6,
696 564 729 595 2.
753 561 796 595 Ut
817 562 962 595 fortasse
985 572 1087 603 vere,
1110 562 1160 595 sic
1181 572 1294 605 parum
1316 563 1438 596 utiliter
1460 563 1494 595 in
1516 572 1678 606 praesens
1702 572 1779 597 cer-

153 623 263 653 tamen
286 617 468 661 respondit,
492 615 578 658 quod
600 626 697 647 nemo
719 613 869 658 plebeius
891 613 1039 657 auspicia
1062 614 1200 647 baberet
1214 611 1272 659 Ι),
1312 613 1427 654 Nemo
1451 615 1625 654 mortalis,
1649 617 1685 648 ut
1707 612 1777 649 Cic.

154 672 197 705 de
218 672 303 713 Rep.
326 670 377 712 11,
407 670 467 711 10,
493 669 543 700 17.
588 667 641 699 Ac
663 666 836 709 Romulus,
861 676 956 709 quum
984 669 1112 709 septem
1141 669 1175 699 et
1202 667 1338 710 triginta
1361 667 1577 711 regnavisset
1598 677 1720 711 annos,
1744 671 1779 702 et

154 724 237 757 baec
260 722 402 765 egregia
424 721 487 752 duo
510 719 712 751 firmamenta
741 718 941 760 reipublicae
973 719 1178 759 peperisset,
1214 719 1362 760 auspicia
1393 721 1426 751 et
1452 721 1620 761 senatum,
1655 722 1778 752 tantum

153 778 208 809 est
231 775 446 815 consecutus,
477 774 526 812 ut,
557 780 653 812 quum
682 769 789 802 subito
819 769 891 802 sole
921 768 1096 801 obscurato
1120 778 1186 802 non
1208 770 1463 813 comparuisset,
1492 765 1637 803 Deorum
1658 770 1692 803 in
1714 780 1778 804 nu-

153 836 244 861 mero
268 825 447 859 collocatus
477 825 660 866 putaretur:
695 831 789 864 quam
817 821 1001 864 opinionem
1030 833 1127 853 nemo
1156 831 1297 864 unquam
1324 822 1481 855 mortalis
1510 822 1646 864 assequi
1675 823 1779 866 potuit

154 881 227 913 sine
251 878 370 911 eximia
393 876 523 908 virtutis
546 875 654 919 gloria
665 871 724 918 ²),
746 885 843 906 nemo
866 872 995 911 beatus,
1029 876 1064 905 ut
1086 872 1156 905 Cic.
1180 873 1223 907 de
1245 874 1316 905 Fin.
1339 873 1388 917 V,
1410 875 1469 916 28,
1492 876 1546 906 84.
1591 874 1777 918 Paupertas

154 932 185 965 si
208 930 326 964 malum
348 931 419 972 est,
454 926 624 961 mendicus
654 935 735 959 esse
764 924 879 958 beatus
908 936 1005 956 nemo
1028 928 1156 970 potest,
1193 938 1289 958 nemo
1313 926 1421 966 alius,
1457 929 1494 959 ut
1516 924 1585 959 Cic.
1608 927 1702 960 Brut.
1721 927 1776 967 88,

151 986 229 1019 302.
274 982 505 1023 Attuleratque
537 975 795 1024 (Hortensius)
825 978 954 1011 minime
976 978 1118 1022 vulgare
1140 988 1250 1023 genus
1273 978 1420 1023 dicendi,
1450 979 1533 1012 duas
1556 979 1685 1022 quidem
1707 990 1775 1022 res,

152 1046 236 1080 quas
258 1046 355 1067 nemo
380 1034 488 1070 alius,
511 1032 722 1075 partitiones,
753 1030 870 1072 quibus
893 1029 936 1063 de
958 1030 1061 1063 rebus
1084 1029 1231 1063 dicturus
1255 1033 1366 1074 esset,
1398 1034 1432 1064 et
1455 1031 1683 1076 collectiones,
1705 1042 1775 1065 me-

151 1098 222 1122 mor
245 1090 279 1121 et
302 1096 385 1128 quae
409 1087 527 1118 essent
549 1083 636 1115 dicta
660 1085 791 1126 contra,
824 1092 973 1125 quaeque
1003 1082 1077 1125 ipse
1108 1080 1310 1126 dixisset-’03
1355 1081 1467 1115 Nemo
1499 1084 1708 1123 adolescens,
1740 1087 1775 1117 ut

151 1140 223 1174 Cic.
246 1139 288 1172 de
312 1137 370 1171 Or.
392 1138 427 1181 I,
456 1139 493 1179 4,
524 1137 575 1168 14.
616 1136 701 1167 Nam
722 1137 952 1177 posteaquam,
985 1134 1120 1176 imperio
1145 1135 1283 1167 omnium
1305 1135 1452 1179 gentium
1474 1135 1666 1178 constituto,
1700 1134 1775 1169 diu-

149 1193 292 1225 turnitas
315 1190 408 1232 pacis
432 1189 529 1219 otium
552 1187 773 1227 confirmavit,
808 1198 905 1217 nemo
935 1185 1008 1218 fere
1039 1185 1146 1218 laudis
1177 1186 1314 1228 cupidus
1345 1187 1535 1219 adolescens
1557 1196 1622 1218 non
1645 1187 1708 1219 sibi
1729 1187 1773 1219 ad

149 1242 324 1278 dicendum
354 1240 461 1273 studio
491 1239 576 1272 omni
604 1238 789 1272 enitendum
817 1237 961 1282 putavit,
991 1256 1033 1260 —
1062 1240 1097 1270 et
1118 1238 1236 1270 similia
1247 1234 1306 1282 ⁴),
1343 1238 1459 1281 quibus
1488 1238 1565 1271 addi
1595 1239 1692 1271 nolim
1720 1249 1772 1283 ea,

149 1297 203 1331 ubi
218 1294 443 1336 adiectivum,
476 1291 561 1334 quod
595 1294 648 1324 est
676 1290 876 1333 adiunctum,
907 1290 1014 1332 aliquo
1042 1289 1136 1322 modo
1166 1290 1209 1322 ad
1240 1291 1426 1323 attributum
1447 1292 1608 1335 pertinet,
1644 1294 1679 1324 ut
1702 1291 1772 1325 Cic.

149 1350 242 1382 Brut.
265 1348 324 1389 33,
351 1347 424 1377 126.
470 1344 600 1376 Utinam
622 1352 687 1375 non
709 1345 775 1374 tam
798 1341 892 1374 fratri
921 1341 1093 1384 pietatem,
1128 1350 1223 1383 quam
1252 1342 1379 1384 patriae
1407 1345 1580 1385 praestare
1609 1343 1772 1377 voluisset

152 1399 215 1445 (C.
239 1393 431 1438 Grachus)!
477 1394 582 1435 Quam
604 1395 659 1428 ille
681 1394 778 1427 facile
801 1394 857 1426 tali
883 1393 1035 1437 ingenio,
1059 1392 1179 1426 diutius
1204 1394 1233 1426 si
1256 1394 1416 1438 vixisset,
1445 1394 1500 1428 vel
1521 1398 1691 1438 paternam
1712 1405 1772 1429 es-

151 1456 222 1495 set,
244 1451 300 1483 vel
323 1450 443 1482 avitam
466 1447 605 1491 gloriam
627 1442 842 1479 consecutus!
874 1445 1071 1488 Eloquentia
1094 1445 1224 1488 quidem
1246 1446 1377 1489 nescio,
1400 1456 1442 1479 an
1463 1447 1631 1480 habuisset
1652 1458 1772 1491 parem

150 1504 328 1545 neminem3
350 1520 393 1523 —
415 1501 458 1532 ib.
470 1501 529 1543 57,
551 1500 627 1532 207.
650 1499 714 1531 His
732 1496 873 1543 (Cottae
896 1500 930 1531 et
953 1495 1122 1542 Sulpicio)
1147 1497 1274 1530 duobus
1297 1498 1444 1532 eiusdem
1466 1499 1586 1532 aetatis
1609 1511 1772 1534 annume-

153 1556 293 1589 rabatur
314 1563 409 1587 nemo
432 1552 550 1584 tertius
560 1548 618 1595 ὃ),
641 1560 703 1594 quo
720 1551 818 1584 etiam
841 1550 960 1583 referri
981 1553 1123 1593 possunt
1144 1550 1234 1583 multi
1247 1560 1290 1584 ex
1310 1550 1354 1583 iis
1376 1551 1468 1595 locis,
1490 1551 1546 1584 ubi
1567 1551 1668 1585 meris
1691 1552 1772 1585 sub-

153 1609 307 1642 stantivis
330 1617 428 1638 nemo
452 1604 653 1636 coniunctum
682 1605 755 1646 est,
786 1605 821 1635 ut
852 1601 921 1635 Cic.
945 1601 998 1635 De
1029 1600 1087 1635 Or.
1114 1602 1169 1645 Il,
1200 1604 1260 1646 46,
1290 1603 1364 1635 194.
1409 1602 1522 1646 Saepe
1544 1603 1629 1636 enim
1650 1603 1771 1648 audivi,

154 1663 280 1703 poetam
301 1659 420 1691 bonum
443 1656 602 1689 neminem
633 1656 706 1689 sine
734 1655 983 1687 inflammatione
1012 1655 1189 1687 animorum
1217 1654 1364 1688 existere
1392 1665 1495 1698 posse
1523 1657 1557 1688 et
1587 1655 1660 1689 sine
1688 1665 1770 1699 quo-

154 1713 227 1746 dam
248 1711 360 1745 afssatu
382 1709 477 1753 quasi
500 1708 639 1752 suroris3
662 1726 704 1731 —
733 1707 796 1751 Ep.
819 1707 862 1740 ad
887 1707 955 1740 Att.
978 1707 1100 1753 XIIII,
1128 1709 1173 1741 20
1193 1709 1226 1740 2.
1270 1707 1376 1741 Nemo
1398 1717 1538 1750 unquam
1559 1717 1666 1752 neque
1687 1713 1770 1756 poe-

310 1831 340 1864 l)
359 1830 405 1858 CF.
423 1831 491 1863 llll,
508 1831 535 1862 4,
553 1829 579 1856 8.
634 1828 666 1859 2)
686 1829 730 1855 cf.
749 1829 824 1855 'l'use
852 1829 933 1864 Diap.
954 1829 1008 1861 nl,
1026 1829 1070 1859 25,
1087 1828 1138 1861 593
1157 1828 1230 1854 Lael.
1249 1829 1275 1861 5,
1297 1828 1337 1857 18.

309 1884 341 1917 3)
360 1882 405 1911 Cf.
430 1882 464 1909 de
488 1883 552 1910 lnv.
572 1882 616 1914 ll,
636 1883 668 1914 7,
692 1881 743 1913 243
770 1882 849 1909 Brut.
863 1881 912 1914 87,
935 1881 1006 1915 298,
1034 1882 1085 1908 Or.
1105 1890 1156 1917 pro
1173 1881 1234 1907 Mil.
1262 1881 1310 1915 17,
1336 1881 1387 1916 463
1413 1881 1466 1918 Ep.
1484 1881 1519 1909 ιᾶ
1537 1883 1597 1909 Ait.
1614 1882 1675 1916 ΧΙ,
1692 1882 1718 1916 9,
1736 1882 1768 1915 33

362 1928 424 1954 mv.
452 1926 575 1959 xxm,
599 1926 652 1958 43,
682 1925 731 1958 ¹⁴5
754 1925 922 1957 xxxvii,
940 1925 990 1959 48,
1014 1925 1049 1959 ⁷3
1084 1925 1253 1960 xxxxn,
1276 1925 1326 1960 eo,
1351 1925 1384 1960 65
1407 1925 1474 1953 Ter.
1491 1925 1545 1953 Aa.
1570 1926 1624 1961 111,
1642 1927 1673 1961 2,
1690 1927 1734 1954 55.

307 1982 338 2015 4)
358 1979 404 2007 Cf.
422 1980 455 2007 de
474 1980 524 2007 Or.
544 1979 572 2011 Ι,
589 1979 634 2010 69,
650 1978 714 2005 251.

306 2035 339 2069 5)
358 2032 403 2062 cf.
421 2033 500 2059 Bm.
517 2032 567 2064 43,
587 2031 651 2063 ¹⁵9³
687 2031 739 2066 ep.
758 2030 792 2057 aa
811 2031 887 2058 ram.
913 2030 957 2064 ιι,
988 2030 1035 2063 ¹83
1071 2044 1105 2052 -
1141 2030 1201 2057 ιῑν.
1226 2032 1283 2065 ιιι,
1310 2032 1361 2065 45,
1386 2031 1421 2064 «ι,
1446 2031 1616 2065 xxxxn,
1645 2030 1692 2065 13,
1718 2032 1767 2066 1⁰⁵

358 2076 536 2108 xxxxm,
556 2076 596 2108 ιο,
617 2074 690 2109 (12,)
709 2075 733 2101 5.
