1918 2251
944 37 996 75 23

164 145 325 188 equitatu,
347 146 455 178 tectus
476 142 629 188 collibus,
652 141 696 176 ad
718 142 882 188 tegendas
904 142 1043 175 insidias
1066 141 1236 186 obpositis‚
1260 138 1469 186 substitio).
1491 160 1536 166 -
1562 142 1777 187 ‘Quamquam

162 197 291 231 minime
313 205 400 241 nego
423 194 582 240 equidem,
604 198 739 240 propter
760 196 848 228 illam
859 194 1126 229 consuetudinem
1148 195 1237 228 initio
1253 195 1405 229 collocari
1435 194 1671 230 enuntiatorum
1692 206 1778 241 quo-

162 255 297 294 rumque
319 259 361 284 ea
384 258 510 292 quoque
538 249 707 293 adiuncta,
745 258 827 292 quae
856 249 952 282 unice
979 248 1022 281 ad
1050 249 1197 292 protasia
1219 248 1402 292 pertinent,
1439 249 1622 292 ubicunque
1649 251 1777 285 illorum

162 303 317 337 maiorem
338 300 497 344 quandam
518 302 584 334 vim
605 310 685 335 esse
706 300 781 344 ipsa
803 302 1014 334 collocatione
1033 300 1282 345 significandum
1296 303 1360 334 est.
1384 300 1453 334 Cic.
1467 301 1520 335 De
1533 302 1606 334 Fin.
1620 302 1681 347 ΠΙ,
1695 305 1727 348 2,
1741 305 1774 337 7.

161 354 260 388 Nam
272 356 309 388 in
323 353 511 387 Tusculano
534 362 630 397 quum
651 363 763 387 essem
776 354 959 396 vellemque
974 364 993 387 e
1006 352 1200 387 bibliotheca
1222 353 1316 396 pueri
1329 353 1456 392 Luculli
1469 354 1662 398 quibusdam
1681 357 1774 390 libris

161 408 224 451 ιιιί,
256 406 334 440 veni
360 406 395 439 in
423 406 496 440 eius
518 405 645 450 villam,
673 409 709 439 ιιι
738 415 799 439 eos
828 406 919 450 ipse,
955 408 991 439 ut
1019 405 1183 449 solebam,
1211 405 1288 438 inde
1317 415 1515 452 promerem3
1558 407 1636 440 Liv.
1664 408 1773 452 XXII,

161 460 216 518 56,
238 460 271 491 4.
302 456 405 491 Binis
431 458 468 490 in
490 458 611 490 castris
633 467 728 501 quum
748 457 915 491 multitudo
937 457 1119 490 semiermis
1141 457 1214 490 sine
1242 457 1379 491 ducibus
1401 462 1511 504 esset,
1545 460 1691 493 nuntium
1720 462 1774 505 qui

161 511 196 545 in
216 510 393 545 maioribus
415 512 527 554 erant,
561 510 688 544 mittunt
716 519 790 554 sqq.
843 504 913 543 Cic.
939 509 993 543 De
1015 510 1126 555 Legg.
1148 509 1199 554 Π,
1222 511 1280 555 25,
1303 511 1357 544 63.
1388 511 1521 546 Funera
1541 512 1686 547 Athenis
1715 524 1774 548 se-

161 564 342 607 quebantur
364 563 490 607 epulae,
513 572 595 605 quas
617 563 741 596 inibant
762 563 932 606 propinqui
954 564 1115 609 coronati,
1137 563 1233 607 apud
1252 575 1333 607 quas
1346 563 1386 597 de
1407 564 1534 597 mortui
1553 565 1657 599 laude
1679 576 1775 609 quum

160 619 234 650 erat
254 614 491 660 praedicatum,
514 615 601 648 iusta
623 615 772 649 confecta
795 617 899 648 erant.
921 632 966 639 --

289 720 401 764 Haec,
424 729 545 765 magna
567 730 610 753 ex
630 722 726 763 parte
746 730 808 763 per
827 719 972 753 muneris
994 719 1183 773 scholastici
1204 721 1475 763 opportunitatem
1495 723 1642 767 collecta,
1662 724 1773 768 habui,

159 781 245 816 quae
265 772 299 805 in
320 772 459 806 medium
480 771 632 815 proferre
662 772 768 805 minus
797 771 926 815 quidem
953 771 1150 815 dubitarem,
1184 780 1279 814 quam
1309 782 1353 805 ex
1382 772 1499 806 eodem
1524 784 1650 818 genere
1678 775 1772 810 foras

159 825 242 859 dare
269 824 447 868 quaedam,
484 825 519 857 in
548 824 664 877 quibus
694 823 953 867 pertractandis,
981 824 1013 856 si
1033 824 1154 857 vellem
1179 824 1471 866 reprehensionem
1501 827 1663 871 effugere,
1695 829 1771 872 plus

158 878 269 920 utique
289 877 446 920 temporis
469 860 723 910 consumendum
744 878 854 920 esset,
878 884 974 918 quam
995 884 1081 908 nunc
1103 885 1296 909 consumere
1317 876 1416 909 licuit.
1438 895 1482 900 —

317 1016 348 1051 l)
374 1015 419 1044 ef.
437 1016 481 1042 De
497 1016 536 1044 N.
553 1016 591 1045 Ι).
609 1016 654 1049 Π,
673 1016 707 1049 2,
730 1014 757 1043 6.
775 1017 807 1042 ut
823 1017 851 1041 et
868 1014 941 1050 apud
957 1013 1096 1049 Regillum
1114 1013 1186 1041 bello
1205 1014 1362 1042 Latinorum
1381 1025 1463 1052 quum
1479 1019 1530 1045 ete.
1547 1031 1583 1038 —
1605 1022 1648 1045 et:
1672 1027 1735 1056 post
1752 1029 1769 1048 ι

369 1059 467 1088 ΡιιιΙΙο
484 1059 582 1088 litteris
599 1059 706 1094 allatis,
724 1069 807 1096 quum
826 1068 902 1096 uqq.;
917 1058 1003 1087 Auci.
1021 1068 1064 1095 pr.
1082 1058 1114 1092 1,
1133 1058 1162 1093 ί,
1181 1059 1206 1087 1.
1234 1060 1268 1086 Ιιι
1283 1060 1407 1087 Cum-no
1424 1070 1509 1097 nuper
1526 1071 1607 1098 quum
1623 1072 1682 1099 sqq.
