1918 2251
953 30 1007 69 10

164 144 236 177 loco
260 150 303 175 ex
325 139 432 178 alioa,
457 139 561 172 altero
585 148 629 172 ex
651 137 738 170 mihi
765 135 898 180 pendet.
944 134 1006 169 Cui
1035 136 1141 170 simile
1171 136 1248 179 quid
1271 136 1361 171 cadit
1387 138 1421 172 in
1444 147 1502 183 ea,
1525 147 1610 182 quae
1637 139 1792 184 leguntur

165 197 218 230 De
239 193 298 228 Or.
319 193 353 236 1,
376 193 434 236 58,
456 192 540 235 247,
562 191 618 224 ubi
639 190 696 223 vel
718 192 854 233 propter
876 189 980 222 libros
1004 199 1099 222 manu
1122 189 1265 233 scriptos
1295 189 1383 223 haud
1411 191 1509 225 dubie
1531 191 1593 225 hoc
1614 191 1791 225 tenendum

166 251 235 283 estz
267 246 350 279 Tum
370 248 494 288 autem,
524 243 611 287 quod
634 252 745 276 amore
768 242 896 285 patriae
918 251 1040 276 censes
1062 251 1125 275 nos
1148 245 1335 276 nostrorum
1355 243 1510 277 maiorum
1532 245 1668 278 inventa
1687 254 1791 279 nosse

165 301 307 342 debere,
343 307 409 330 non
431 296 546 340 vides,
576 298 713 329 veteres
745 295 842 339 leges
869 297 927 326 aut
949 294 1044 338 ipsas
1070 305 1134 326 sua
1155 296 1323 328 vetustate
1345 297 1581 341 consenuisse,
1618 299 1674 329 aut
1696 297 1791 329 noui,

164 351 293 397 legibus
315 359 396 384 esse
418 343 596 382 sublatas?
632 366 675 370 —
709 356 772 389 quo
804 347 877 379 loco
901 356 1060 380 novarum
1081 346 1193 391 legum
1214 347 1269 380 vis
1292 350 1326 381 et
1348 349 1485 381 effectus
1508 350 1697 392 opponitur,
1725 358 1791 382 non

166 415 267 441 secus
288 406 386 445 atque
408 401 473 444 Ep.
495 400 538 434 ad
560 401 650 433 Fam.
672 400 736 443 111,
761 401 777 432 1
790 423 800 442 ,
823 402 856 432 2.
880 398 985 443 Cilix,
1007 399 1145 432 libertus
1168 402 1243 432 tuus
1265 418 1308 423 -—
1330 400 1464 434 mirifice
1486 400 1560 444 ipse
1581 413 1640 434 auo
1663 409 1791 435 sermo-

165 469 209 493 ne
232 456 429 491 subsecutus
453 456 507 487 est
529 452 758 486 humanitatem
780 452 960 486 litterarum
983 453 1121 485 tuarum.
1138 469 1180 475 —
1196 456 1423 498 argumentum
1445 453 1626 487 litterarum
1648 463 1791 498 respon-

166 507 283 554 det2).
328 508 391 542 His
414 506 558 540 addendi
580 508 658 538 sunt
679 506 702 538 ii
728 506 808 547 loci,
845 505 900 538 ubi
926 505 1128 548 pronominis
1157 506 1365 548 possessivis
1388 506 1540 539 suffixum
1563 509 1617 539 est
1639 513 1724 545 met,
1757 511 1791 539 ut

166 565 236 598 Cic.
259 563 311 596 ne
334 559 399 594 Off.
421 559 456 602 1,
477 560 539 602 3²,
564 559 638 590 115.
660 558 713 590 Ac
736 557 862 591 duabus
884 558 927 590 iis
955 558 1127 602 personis,
1156 567 1239 600 quas
1262 567 1364 601 supra
1386 557 1473 601 dixi,
1510 559 1609 592 tertia
1637 558 1792 603 adiungi-

165 622 237 660 tur,
259 623 355 658 quam
377 622 476 646 casus
499 611 617 653 aliquis
641 613 697 643 aut
718 613 846 653 tempus
869 610 1022 654 imponit:
1059 613 1176 654 quarta
1198 611 1312 654 etiam,
1347 620 1443 653 quam
1464 609 1628 649 nobismet
1651 612 1720 656 ipsi
1740 611 1793 643 iu-

167 670 251 704 dicio
273 672 386 700 nostro
410 662 690 697 accommodamus
699 660 752 705 2).
776 682 818 685 —

324 716 359 761 §-
382 718 459 749 698.
484 714 556 747 Nec
579 716 651 758 ipse
675 715 707 746 in
730 718 877 758 negante
900 713 1066 746 sententia
1088 713 1238 747 similiter
1260 714 1417 756 scriptum
1438 714 1561 759 legitur
1576 714 1652 747 Liv.
1665 714 1792 758 XXIII,

168 776 227 818 18,
249 774 282 805 5.
326 770 379 803 Ita
400 769 513 813 primis
537 766 682 810 repulsis
712 765 885 799 Maharbal
909 774 981 797 cum
1003 764 1126 798 maiore
1150 766 1269 800 robore
1299 766 1443 799 virorum
1477 767 1600 800 missus
1631 779 1691 799 nec
1722 768 1794 811 ipse

166 825 368 869 eruptionem
390 821 569 854 cohortium
592 819 764 862 sustinuit3
794 817 976 860 XXXVII,
1012 818 1074 860 ²0,
1103 819 1137 849 8.
1181 817 1227 850 Et
1248 819 1301 860 qui
1323 818 1480 862 Pergami
1503 822 1598 851 erant
1619 819 1800 852 amentiam·

165 878 290 922 magis,
314 884 410 917 quam
431 872 601 906 audaciam
623 870 763 903 credere
787 880 884 914 esse,
919 872 954 902 et
986 868 1122 913 hostes,
1156 870 1337 913 paullisper
1364 871 1397 903 in
1420 880 1479 904 eos
1512 870 1620 915 versi,
1644 883 1703 903 nec
1725 871 1794 915 ipsi

166 931 336 974 quicquam
360 936 401 960 ex
425 925 522 958 solita
545 923 769 968 negligentia,
792 923 929 965 insuper
952 922 1049 955 etiam
1072 921 1246 955 eludentes
1270 923 1486 966 paucitatem,
1511 925 1685 956 mutarunt.

323 977 359 1022 ς.
382 980 458 1011 699.
482 976 554 1009 Nec
577 976 607 1008 is
628 975 817 1008 adiunctum
838 974 961 1007 habent
983 974 1055 1017 ipse
1077 984 1267 1018 pronomen,
1291 976 1378 1007 ubi-a
1392 985 1430 1008 re
1454 985 1514 1017 per
1536 985 1575 1007 se
1598 975 1720 1019 exigua
1732 974 1794 1008 de-

166 1032 335 1069 scenditur
357 1030 400 1063 ad
423 1030 580 1072 maiorem
600 1027 672 1060 eius
696 1026 855 1058 vilitatem
878 1025 1138 1070 designandam,
1172 1024 1242 1059 Cic.
1264 1026 1317 1060 De
1345 1027 1418 1059 Fin.
1442 1026 1484 1071 V,
1508 1029 1562 1071 29,
1585 1028 1638 1060 88.
1683 1026 1795 1060 Pauca

165 1088 251 1123 enim
273 1095 376 1128 neque
397 1094 438 1115 ea
461 1081 540 1125 ipsa
563 1078 652 1125 (und
674 1078 758 1112 auch
781 1078 875 1111 diess
897 1075 1009 1122 nicht)
1041 1079 1213 1112 enucleate
1243 1080 1284 1112 ab
1313 1079 1394 1124 hoc,
1431 1080 1473 1113 de
1502 1081 1624 1114 virtute
1654 1080 1794 1124 quidem,

166 1140 271 1182 dicta3
302 1137 377 1168 Liv.
401 1134 499 1177 VIII,
523 1134 582 1176 2⁷,
608 1134 640 1163 4.
664 1141 737 1164 eam
759 1131 863 1163 solam
885 1133 1021 1175 gentem
1043 1133 1193 1174 restare,
1216 1144 1275 1164 nec
1297 1143 1374 1164 eam
1396 1132 1511 1176 ipsam
1533 1132 1617 1165 satis
1641 1131 1797 1175 validm,

167 1190 295 1235 quando
319 1188 474 1221 Lucanus
497 1184 669 1218 defecerit.

324 1302 355 1335 1)
382 1300 427 1328 Cf,
446 1300 528 1324 Vei-r.
547 1298 591 1330 II,
620 1298 648 1329 1,
675 1297 725 1329 4³,
741 1296 811 1331 ¹112.
831 1305 913 1331 quum
933 1298 1008 1321 tuam
1028 1296 1215 1322 auctoritatem
1235 1299 1292 1322 tute
1309 1297 1369 1331 ipse
1387 1297 1474 1323 edicto
1494 1297 1653 1332 provinciali
1670 1297 1794 1332 repudiu-

377 1344 442 1377 ⁵⁸⁸3
463 1344 514 1368 Or.
533 1350 584 1376 pro
606 1341 691 1366 Rosc.
710 1342 773 1366 Am.
792 1339 836 1371 29,
856 1339 898 1366 79.
917 1340 1006 1374 ipsum
1026 1348 1076 1364 sun
1095 1348 1175 1365 msnu
1194 1339 1304 1372 secia-e,
1324 1350 1374 1375 pru
1394 1340 1472 1366 coel.
1493 1341 1533 1372 ¹9,
1552 1341 1596 1367 45.
1615 1340 1688 1366 valet
1704 1344 1794 1366 tame·

374 1388 466 1423 ipsum
484 1386 542 1411 suis
561 1384 682 1414 viribus,
708 1383 782 1409 Lael.
802 1383 832 1415 1,
850 1383 877 1409 4.
895 1383 955 1418 ipse
973 1391 1033 1408 mes
1052 1381 1161 1416 legens5
1188 1383 1249 1409 cat.
1268 1384 1299 1410 Μ
1329 1385 1362 1416 2,
1380 1384 1406 1412 3.
1426 1385 1485 1419 ipse
1502 1385 1528 1410 in
1547 1385 1605 1412 suis
1624 1383 1716 1418 libris3
1740 1384 1795 1419 Ep.

375 1431 409 1458 ud
431 1431 507 1456 Fam.
521 1429 561 1460 V,
581 1428 623 1460 12,
641 1427 666 1454 8.
686 1436 737 1453 sua
756 1436 822 1453 voce
840 1435 871 1452 se
888 1427 957 1462 ipsi,
976 1425 1036 1452 Liv.
1057 1427 1239 1459 XXXVIII,
1258 1427 1307 1461 47,
1326 1428 1351 1455 7.
1369 1429 1430 1463 ipse
1448 1429 1514 1454 meis
1533 1427 1645 1463 legetis,
1665 1428 1794 1460 XXIIII,

376 1474 421 1507 88,
442 1474 468 1499 2.
487 1475 580 1498 vestra
598 1472 651 1506 ipsi
671 1472 786 1503 virtute5
806 1471 835 1503 1,
855 1471 903 1502 n,
923 1470 949 1497 9.
968 1479 1018 1495 sus
1036 1470 1124 1504 Ipsam
1144 1474 1292 1506 peremtum
1306 1471 1444 1505 mercede-3
1467 1472 1504 1503 II,
1523 1472 1567 1504 44,
1585 1473 1611 1499 2.
1630 1473 1688 1498 suls
1708 1473 1795 1506 ipsum

376 1518 479 1544 viribus
498 1516 584 1547 solvi;
606 1515 674 1546 vn,
693 1515 718 1547 4,
737 1515 763 1540 3.
782 1515 913 1549 sangnine
932 1515 992 1549 ipse
1010 1522 1077 1547 suo,
1098 1514 1181 1547 XXI,
1195 1515 1239 1548 33,
1251 1515 1284 1543 ’3.
1304 1524 1408 1551 tuoque
1428 1517 1517 1552 ipsum
1537 1515 1654 1542 tumultu
1672 1516 1795 1548 παίεται-ἧς

378 1560 574 1593 XXXVIIII,
592 1559 642 1593 49,
663 1560 688 1587 3.
707 1569 758 1585 suo
777 1560 836 1594 ipse
854 1567 930 1587 raso.

322 1609 355 1641 2)
378 1607 421 1634 cf.
442 1606 502 1632 Liv.
521 1605 580 1638 vl,
598 1604 650 1636 36,
668 1604 694 1631 4.
714 1605 784 1629 intr·
802 1606 908 1629 suamet
925 1604 1016 1638 Ipsum
1034 1604 1141 1630 moenia
1159 1603 1346 1639 compulsum3
1374 1604 1467 1637 vm,
1484 1604 1534 1637 2⁵,
1558 1605 1584 1631 6.
1603 1605 1675 1639 eapti
1693 1613 1709 1630 ι
1724 1605 1795 1630 suie-

377 1653 433 1677 met
450 1649 505 1685 ipsi
523 1648 681 1683 praesidiis,
702 1647 801 1679 XXII,
822 1647 863 1680 ¹4,
885 1647 925 1673 13.
945 1646 1060 1673 classem
1079 1647 1235 1682 impeditam
1254 1650 1361 1674 suomet
1380 1649 1467 1683 ipsum
1487 1649 1682 1680 instrument&
1702 1647 1727 1674 ib
1753 1648 1794 1681 ¹9,

377 1695 420 1722 ss.
440 1695 549 1720 suomet
566 1692 618 1728 ipsi
636 1690 754 1718 tumultu
773 1690 891 1724 turb-th
925 1690 994 1717 Sall.
1018 1691 1087 1726 δας.
1107 1690 1132 1718 8,
1161 1695 1268 1718 suamet
1284 1693 1374 1728 ipsum
1392 1692 1507 1728 pecunia
1525 1693 1697 1729 praeeipitem
1716 1702 1793 1719 css·-

376 1748 452 1769 rum3
469 1737 506 1764 ib.
525 1737 560 1764 31
588 1745 697 1762 necesse
715 1738 773 1769 est,
797 1739 905 1762 suomet
921 1736 975 1771 ipsi
994 1745 1070 1762 more
1088 1737 1249 1771 praecipites
1267 1740 1346 1766 canu
1370 1736 1453 1763 catil.
1472 1736 1523 1768 2³,
1541 1737 1566 1763 2.
1585 1746 1670 1772 neque
1688 1741 1794 1762 suamet

375 1784 437 1816 ipse
456 1780 559 1807 seelera
578 1779 721 1805 occultare.
747 1793 778 1799 -
805 1779 902 1814 quibus
923 1779 1005 1811 loeis,
1024 1788 1077 1805 nou
1096 1782 1202 1805 tantum
1221 1779 1400 1805 collocutione
1418 1778 1562 1805 verborum
1580 1789 1597 1806 a
1616 1781 1793 1806 Ciceroniana

377 1824 570 1852 eon-uetudine
588 1823 716 1854 diversis,
734 1823 823 1848 mInus
842 1822 948 1858 quidem
968 1822 1061 1854 facile,
1080 1832 1160 1858 quum
1179 1822 1252 1858 apud
1271 1823 1439 1855 Ciceronem,
1458 1821 1531 1848 illam
1550 1825 1730 1858 oppositionis
1750 1833 1792 1850 rs-

376 1871 493 1901 tionem,
511 1867 545 1894 ud
564 1876 645 1904 quam
666 1866 848 1893 nominativus
867 1865 1016 1899 referatur,
1033 1866 1178 1893 detexeris.
1208 1866 1396 1902 Quamquam,
1416 1867 1485 1903 quod
1505 1869 1622 1894 maxime
1640 1878 1699 1894 enm
1719 1867 1793 1894 abln-

377 1914 435 1940 tIvo
455 1912 643 1948 pronominum
664 1911 885 1946 possessivorum
903 1911 1073 1937 coniunctum
1093 1911 1169 1945 ipse
1187 1911 1338 1944 invenitur,
1351 1911 1410 1944 hoc,
1429 1912 1453 1938 si
1471 1911 1616 1947 plerosque
1633 1912 1708 1938 locos
1727 1911 1792 1937 alla-

377 1960 422 1983 tos
441 1956 592 1982 accurat-‘us
609 1955 824 1988 examinsyeriu,
842 1964 875 1981 eo
893 1954 994 1980 fuctum
1012 1963 1075 1979 esse
1102 1953 1192 1986 diens,
1211 1953 1299 1989 quod,
1325 1955 1422 1989 quibus
1441 1956 1554 1990 quicque
1572 1956 1606 1981 sd
1624 1954 1792 1981 efficiendum

378 1998 479 2035 aliquid
498 2007 577 2025 nsum
595 2000 670 2025 esset
688 1997 850 2025 adiumentis
868 1998 1092 2024 inste-amentiae
1109 1998 1167 2024 suis
1186 2006 1217 2024 ae
1241 1998 1359 2035 propriis
1378 1999 1432 2032 its,
1456 2001 1487 2024 ut
1514 1998 1601 2026 aliens
1624 2000 1734 2026 minime
1752 2008 1792 2025 re-

379 2045 563 2080 quirerentur,
581 2052 674 2069 eorum
694 2044 736 2068 vis
755 2052 786 2069 ac
805 2042 967 2076 significatio
984 2041 1063 2068 facile
1081 2041 1221 2068 efferretur
1239 2052 1271 2068 n
1290 2044 1409 2075 notione,
1427 2052 1480 2078 qus
1499 2044 1578 2079 ipse
1596 2052 1679 2079 saepe
1696 2052 1792 2077 eugun-

379 2091 436 2114 tum
454 2090 496 2113 est
515 2096 574 2112 euin
594 2096 642 2119 so,
670 2086 742 2122 quod
763 2089 863 2113 sonant
887 2085 931 2112 vel
958 2095 1018 2121 per
1039 2095 1094 2118 se,
1122 2096 1186 2112 suu
1211 2090 1344 2122 sponte
1368 2086 1413 2112 vel
1437 2086 1553 2114 solus.
