1918 2251
1012 9 1040 47 2

217 119 309 150 retur
331 113 374 148 ad
396 112 629 155 institutiones,
652 120 736 154 quae
758 110 834 143 illuc
857 109 986 153 quidem
1007 110 1222 154 pertinerent,
1245 110 1414 144 multorum
1436 120 1593 145 annorum
1615 121 1676 145 usu
1696 115 1734 146 et
1756 121 1838 146 con-

217 167 391 202 suetudine
413 165 640 208 comprobatas
662 163 719 196 vel
741 161 956 196 stabiliendas
980 162 1035 196 vel
1058 162 1236 195 ornandas.
1271 181 1314 186 -—
1359 161 1470 203 Quare
1493 174 1535 198 ne
1557 164 1632 197 illos
1655 164 1784 207 quidem
1807 164 1838 198 si

218 222 273 265 qui
294 219 417 253 fuerint
438 217 557 260 questi,
580 215 665 259 quod
688 225 754 248 non
774 215 848 258 plus
870 215 904 247 in
927 214 1082 247 facultate
1104 215 1223 249 Latine
1245 215 1411 249 scribendi
1426 219 1707 260 consequerentur
1725 217 1760 261 ii,
1783 217 1838 260 qni

218 277 341 308 tantum
362 270 519 314 temporis
541 269 607 302 illis
629 267 873 311 impenderent,
897 266 1014 310 cupide
1037 266 1166 300 auditos
1189 276 1342 300 caussam
1364 268 1516 302 attulisse
1538 272 1653 314 putes,
1675 279 1732 303 cnr
1753 269 1837 302 ratio

218 330 252 361 et
273 325 346 366 via,
368 332 432 366 qna
457 322 573 355 utimur
596 320 668 354 fere
690 322 724 353 in
746 319 909 353 tradenda
930 322 1002 352 arte
1025 322 1059 351 et
1081 318 1229 351 doctrina
1251 319 1370 353 Latine
1393 319 1560 354 scribendi
1581 320 1634 354 his
1657 322 1741 365 ipsis
1764 321 1838 355 die-

216 380 280 413 bus
302 377 409 419 aliquo
432 373 537 417 modo,
561 383 627 406 non
648 371 855 415 immutanda,
879 371 941 405 sed
966 382 1009 405 ex
1031 371 1140 413 aliqua
1162 374 1256 414 parte
1278 381 1366 405 novo
1390 372 1539 406 subsidio
1562 374 1713 408 ornanda
1740 373 1838 408 vide-

217 434 326 473 retur,
340 446 382 451 -
398 426 574 460 memoriae
596 424 796 468 praesidium
818 424 891 456 dico
913 425 946 456 in
966 424 1022 455 illa
1045 423 1218 466 disciplina
1239 424 1302 456 iam
1326 424 1454 467 planius
1477 434 1517 457 ac
1540 425 1725 458 distinctius
1748 436 1838 460 com-

216 482 413 517 mendatum.
457 478 527 510 Illis
558 478 661 520 enim,
700 476 816 518 quihus
847 475 1094 517 haudquaquam
1123 475 1281 520 sufficiat,
1312 475 1398 518 quod
1421 486 1507 509 nunc
1528 477 1694 520 proficitur
1716 478 1749 510 in
1771 478 1837 522 illa,

217 544 339 569 vereor
361 542 403 565 ne
426 531 472 563 ita
494 530 619 562 demum
642 528 763 571 aliquid
786 528 956 561 videretur
978 527 1184 561 tribuendum
1206 538 1303 572 esse,
1326 529 1357 561 si
1380 529 1463 562 satis
1486 538 1546 562 eas
1570 539 1730 574 caussas,
1753 540 1838 573 quae

215 588 442 626 extrinsecus,
480 593 521 615 ex
550 591 612 623 quo
643 584 789 623 tempore
818 581 956 613 maxime
980 580 1115 613 scholae
1138 583 1273 613 nostrae
1296 581 1526 624 effloruerunt,
1556 586 1774 615 accesserunt
1795 582 1838 615 ad

215 635 430 673 remorandos
453 635 484 666 in
509 633 665 676 peculiari
687 633 741 664 illo
766 631 959 675 disciplinae
989 641 1117 675 genere
1140 635 1237 674 atque
1260 632 1485 675 impediendos
1509 643 1733 679 progressus,
1757 643 1839 668 con-

215 691 388 725 siderasse
410 689 550 730 possent
572 685 764 718 existimari.
810 683 903 725 Quae
931 684 1060 730 quidem
1090 693 1233 717 caussae
1263 684 1362 717 latius
1391 687 1508 728 patere
1537 685 1705 730 videntur,
1742 695 1839 729 quam

215 743 387 800 opinantur
409 738 509 771 multi.
532 756 575 761 -—
606 737 750 768 Primum
773 737 857 769 enim
880 746 946 768 non
967 734 1045 767 illud
1068 738 1191 767 tantum
1214 735 1461 778 computandum
1485 740 1556 770 erat
1578 740 1727 782 tempus,
1751 737 1838 780 quod

215 797 247 829 in
268 793 351 838 ipsis
374 790 498 824 scholis
521 792 698 832 praesente
722 790 755 821 et
777 787 955 820 adiuvante
981 789 1199 830 praeceptore
1230 786 1475 831 impenderetur
1503 789 1537 822 in
1565 789 1640 822 illas
1672 790 1838 823 exercita-

214 850 321 882 tiones
345 843 408 878 scd
430 843 526 877 etiam
554 840 632 874 illud
661 841 847 884 quantulum
875 840 908 873 in
938 839 1068 884 privata
1100 839 1261 873 industria
1290 842 1324 873 et
1352 839 1531 874 domestica
1564 845 1762 887 superesset
1793 853 1837 876 ex

213 904 396 935 ceterarum
418 895 661 937 disciplinarum
683 893 895 936 tractatione,
932 902 1016 934 quae
1045 891 1131 924 haud
1155 901 1239 925 sane
1261 892 1324 925 iam
1347 893 1380 925 in
1406 893 1559 938 exiguum
1580 905 1701 939 gyrum
1722 898 1838 928 nostra

212 954 321 986 aetate
344 947 549 991 compulsae,
572 946 666 978 immo
689 945 736 977 ita
758 943 972 988 amplificatae
996 946 1030 977 et
1052 944 1203 977 excultae
1225 946 1325 986 atque
1348 947 1414 977 tam
1436 945 1636 979 eruditorum
1657 948 1838 992 magistro-

213 1015 282 1038 rum
304 1011 403 1036 curae
426 1003 461 1033 et
482 1000 577 1042 ipsae
599 1000 676 1031 sunt
699 997 908 1040 commissae,
938 999 973 1029 ut
1002 997 1036 1029 in
1066 995 1139 1029 dies
1170 996 1321 1041 singulos
1352 997 1450 1030 etiam
1476 998 1604 1031 illarum
1631 999 1741 1033 studia
1762 1000 1837 1043 plus

213 1065 335 1101 operae
365 1052 535 1095 requirant
564 1053 599 1085 et
628 1049 672 1082 ad
693 1050 848 1082 maiorem
877 1048 1080 1093 diligentiam
1115 1049 1260 1082 alliciant
1292 1047 1391 1091 atque
1428 1050 1582 1083 excitent.
1621 1050 1731 1092 'Quae
1764 1052 1839 1095 qui-

212 1109 287 1143 dem
308 1108 428 1150 quanto
450 1104 559 1148 magis
582 1103 679 1135 novis
702 1101 912 1134 incrementis
934 1104 1011 1133 sunt
1033 1104 1171 1145 auctae,
1195 1102 1285 1134 tanto
1307 1101 1382 1144 plus
1405 1101 1531 1137 scilicet
1553 1103 1609 1136 vel
1631 1104 1665 1137 in
1689 1103 1838 1148 Gymna-

211 1162 272 1195 siis
300 1158 470 1200 surripere
498 1157 678 1198 coeperunt
707 1164 802 1196 quum
831 1152 1000 1186 discendis
1028 1153 1154 1197 linguis
1184 1156 1336 1186 veterum
1364 1154 1555 1197 populorum
1582 1155 1616 1188 in
1646 1156 1836 1190 universum

210 1217 277 1247 tum
298 1212 341 1244 iis
364 1208 529 1253 partibus,
552 1216 636 1249 quae
659 1205 796 1239 assidua
819 1205 1057 1238 exercitatione
1080 1206 1220 1238 omnium
1241 1205 1380 1239 maxime
1403 1205 1564 1251 indigent.
1594 1206 1725 1242 Sufficit
1746 1218 1838 1242 com-

211 1272 413 1299 memorasse
437 1270 509 1294 eam
532 1259 730 1302 doctrinam,
754 1267 850 1300 quam
872 1257 1090 1290 mathematici
1111 1257 1305 1301 profitentur
1326 1258 1436 1301 illique
1459 1260 1757 1294 coniunctissimam
1778 1270 1837 1294 ar-

210 1322 276 1352 tem
298 1320 332 1350 et
353 1313 524 1347 scientiam
546 1311 772 1355 physicorum,
797 1309 964 1342 historiam
987 1309 1107 1343 deinde
1129 1310 1326 1354 naturalem,
1357 1320 1452 1353 quam
1475 1314 1610 1356 vocant,
1638 1323 1749 1346 rerum
1770 1323 1837 1358 ge-

211 1375 335 1404 starum
357 1367 498 1408 denique
522 1363 761 1407 cognitionem,
795 1371 878 1404 quas
909 1372 1023 1394 omnes
1053 1362 1160 1406 magis
1190 1365 1288 1404 atque
1317 1363 1425 1406 magis
1454 1363 1551 1396 etiam
1582 1368 1698 1398 nostra
1725 1368 1835 1399 aetate

211 1430 337 1456 summa
365 1417 513 1451 sollertia
547 1419 581 1449 et
604 1415 766 1447 industria
787 1414 1056 1458 pervestigatas,
1091 1414 1273 1456 explicatas
1308 1414 1566 1457 explanatasque
1589 1417 1619 1449 si
1655 1417 1728 1459 quis
1756 1417 1835 1450 nihil

211 1474 317 1507 adhuc
344 1470 387 1504 ad
415 1479 490 1513 eon,
527 1468 643 1510 quibus
674 1466 746 1500 fere
775 1466 960 1498 continetur
982 1465 1236 1508 Gymnasiorum
1270 1464 1460 1510 disciplina,
1498 1467 1582 1500 fines
1614 1467 1835 1512 proferendos

212 1526 360 1559 valuisse
383 1521 488 1564 dicat,
519 1520 549 1552 is
573 1518 719 1562 profecto
742 1528 856 1562 parum
879 1527 919 1551 se
942 1527 1044 1551 nosse
1068 1516 1185 1561 prodat
1207 1519 1394 1550 nostrarum
1418 1518 1603 1552 scholarum
1623 1521 1752 1554 minime
1775 1530 1836 1553 sa-

211 1589 255 1612 ne
282 1573 526 1620 improbandam
562 1572 720 1604 rationem
754 1573 852 1612 atque
892 1570 1127 1603 institutionem
1140 1566 1190 1613 ¹).
1243 1569 1326 1602 Tum
1355 1580 1437 1603 vero
1468 1581 1533 1604 non
1566 1573 1671 1606 solum
1699 1582 1833 1607 numero

210 1633 307 1665 erant
335 1627 427 1671 anni,
461 1627 539 1668 quot
569 1624 837 1656 consumerentur
867 1622 900 1654 in
922 1621 978 1654 illa
1000 1621 1190 1666 disciplina,
1228 1620 1290 1656 sed
1312 1621 1547 1664 quodammodo
1569 1623 1663 1666 quasi
1686 1624 1833 1668 pondere

210 1679 385 1716 iudicandi.
428 1679 512 1711 Nam
534 1676 564 1709 si
589 1676 678 1719 quis,
708 1684 792 1718 quae
821 1684 901 1718 pars
932 1673 1004 1707 sere
1027 1674 1147 1707 aetatis
1171 1674 1348 1708 collocetur
1370 1675 1403 1707 in
1427 1674 1609 1719 disciplinis
1634 1676 1834 1720 Gymnasio-

180 1733 185 1734 ’
209 1745 279 1768 rum
301 1736 462 1775 tamquam
484 1727 706 1773 procurationi
727 1727 910 1762 commissis
934 1736 955 1759 a
975 1722 1102 1772 pueris,
1126 1726 1315 1771 priusquam
1338 1729 1395 1760 aut
1412 1727 1560 1771 corporis
1583 1731 1639 1761 aut
1660 1730 1758 1763 animi
1779 1731 1834 1764 vi-

364 1878 395 1913 l)
412 1878 479 1904 Noa
496 1885 609 1912 poa-nm
627 1875 715 1902 faeere
732 1874 783 1901 hoc
799 1873 876 1908 loeo,
901 1876 964 1910 quin
981 1883 1190 1900 commemorem
1212 1873 1442 1909 elegantissimam
1466 1878 1495 1901 et
1518 1876 1631 1903 eandem
1657 1878 1827 1905 verissimam

415 1921 523 1949 illarum
541 1928 633 1946 rerum
650 1919 873 1952 descriptio-em,
890 1927 961 1954 quae
977 1918 1004 1944 in
1022 1919 1146 1944 oratione
1163 1927 1180 1943 a
1198 1917 1313 1945 Godofr.
1332 1919 1487 1946 Henna-ao
1506 1924 1570 1955 pont
1595 1920 1661 1950 chr.
1681 1922 1718 1949 D.
1738 1922 1830 1949 Beekii

415 1966 519 1992 obitum
538 1963 630 1990 habita
647 1962 760 1997 legitur,
783 1972 837 1998 qua
855 1963 918 1997 ipsa
936 1962 963 1988 id
980 1963 1099 1988 maxime
1122 1963 1228 1995 agitur,
1252 1964 1284 1988 ut
1307 1961 1324 1987 d
1326 1972 1420 1988 eeeee
1422 1966 1524 1995 tratur,
1549 1965 1685 1998 quomodo
1710 1967 1766 1992 aiat
1792 1967 1830 1993 ita

415 2007 614 2042 coniungenda
632 2015 726 2032 omnes
744 2006 897 2039 doetrinae,
923 2007 1025 2032 mutui·
1050 2004 1113 2031 illae
1138 2004 1251 2031 vinculi·
1277 2004 1435 2041 colligatae.
1460 2009 1492 2032 nt
1509 2010 1599 2034 tamea
1618 2017 1699 2035 unam
1717 2010 1831 2045 quisquo

413 2053 558 2089 praecipue
577 2053 683 2076 tractet.
