1918 2251
145 665 238 726 Ne
257 701 541 726 commemoremus
563 692 702 737 maiora,
726 700 810 735 quae
833 690 895 725 hoc
916 691 989 735 ipso
1012 694 1158 736 tempore
1180 694 1237 725 aut
1256 690 1428 726 moliantur
1448 693 1505 724 aut
1525 690 1662 734 sperent
1683 686 1758 730 qui-

146 744 220 777 dam
242 744 464 788 postulantes,
495 747 530 777 ut
551 744 595 777 ad
617 744 786 777 utilitatem
807 744 915 789 magis
939 747 973 777 et
993 747 1204 787 praesentem
1226 747 1261 778 et
1282 744 1489 778 manifestam
1509 744 1543 775 in
1564 740 1682 786 puerili
1702 739 1758 771 in·

145 796 312 836 stitutione
324 796 380 829 vel
395 805 507 828 eorum
521 796 708 830 referantur
720 796 837 839 omnia,
860 796 914 838 qui
927 795 1112 839 aliquando,
1135 796 1246 829 sinon
1268 795 1448 840 praefuturi
1470 794 1609 839 singulis
1631 791 1757 825 doctri-

145 859 258 883 narum
272 848 464 892 generibus,
477 851 512 881 at
525 852 617 882 certe
630 847 771 880 functuri
784 848 851 880 sint
863 847 905 880 iis
919 847 1106 881 muneribus
1119 848 1268 892 publicis,
1291 858 1376 891 quae
1396 850 1530 892 praeter
1551 846 1757 890 plurimarum

144 910 253 934 rerum
275 900 493 944 cognitionem
515 909 559 932 ex
579 899 702 944 linguis
724 901 875 932 veterum
896 899 1084 942 populorum
1106 899 1274 933 discendis
1288 901 1372 933 ultro
1394 902 1584 932 nascentem
1604 901 1757 941 praeter-

145 962 209 995 que
237 951 405 996 ingenium
433 950 477 984 ad
505 954 636 985 ceteras
666 950 857 995 disciplinas
886 954 979 985 recte
1009 951 1199 985 tractandas
1226 955 1352 986 mature
1384 952 1477 995 quasi
1504 951 1755 993 corroboratum,

145 1006 285 1038 mentem
306 1003 489 1037 eruditione
512 1002 650 1046 quadam
673 1003 842 1037 subtiliore
865 1006 899 1037 et
921 1004 1156 1038 exercitatione
1184 1004 1322 1038 assidua
1341 1015 1403 1048 per
1424 1014 1537 1038 omnes
1558 1006 1671 1047 partes
1693 1012 1756 1036 ex-

145 1057 286 1099 citatam,
309 1055 558 1100 conformatam,
580 1055 773 1104 perpolitam
794 1054 881 1089 haud
904 1065 988 1089 sane
1009 1056 1115 1088 minus
1139 1057 1316 1101 requirant,
1340 1066 1434 1100 quam
1455 1065 1578 1089 summa
1598 1056 1670 1088 illaz
1692 1054 1757 1087 hoe

143 1119 241 1142 unum
264 1108 401 1140 omnium
423 1108 561 1141 maxime
583 1117 669 1141 nunc
691 1107 855 1141 enituntur
876 1107 982 1151 multi,
1010 1110 1046 1140 ut
1067 1108 1264 1154 abiicienda,
1295 1109 1514 1153 removenda,
1536 1107 1756 1142 exterminan-

145 1161 188 1193 da
209 1170 290 1193 esse
312 1159 548 1202 demonstrent,
572 1159 705 1201 quaein
719 1159 903 1192 scholarum
916 1160 1115 1202 publicarum
1138 1160 1310 1204 disciplina
1331 1161 1374 1194 ad
1396 1153 1636 1205 percipiendam
1656 1163 1756 1202 atque

144 1212 274 1255 penitus
309 1210 574 1255 cognoscendam
600 1211 739 1244 Latinae
767 1211 901 1256 linguae
928 1211 1071 1245 indolem
1103 1222 1143 1245 ac
1175 1214 1411 1256 praestantiam
1442 1214 1608 1256 plurimum
1639 1212 1756 1245 valere

144 1264 215 1298 fere
236 1264 312 1296 visa
340 1264 426 1295 sunt.
472 1261 661 1296 obsoletam
696 1263 782 1296 enim
812 1263 900 1296 illam
928 1263 1047 1297 Latine
1076 1264 1243 1298 scribendi
1271 1265 1536 1300 consuetudinem
1566 1264 1756 1298 vociferan-

144 1321 197 1350 tur
224 1325 320 1359 esse,
354 1315 500 1348 laborem
527 1325 701 1359 operosum
730 1318 765 1349 ct
798 1315 968 1349 molestum
995 1316 1107 1359 pueris
1140 1320 1174 1350 et
1201 1316 1457 1351 adolescentulis
1484 1318 1606 1362 iniungi
1643 1317 1757 1350 clami-

145 1371 230 1412 tant,
264 1377 327 1410 quo
350 1370 407 1399 aut
433 1377 546 1410 parum
576 1371 632 1400 aut
665 1366 743 1399 nihil
776 1367 973 1410 proficiatur.
1020 1366 1082 1407 Qui
1118 1370 1266 1410 quamvis
1289 1370 1344 1402 vel
1368 1380 1408 1403 eo
1430 1370 1464 1402 in
1485 1370 1628 1403 levitatis
1651 1379 1757 1411 quan-

145 1420 218 1453 dam
242 1419 462 1462 suspicionem
484 1421 660 1461 vocentur,
689 1418 774 1461 quod
802 1418 867 1462 ipsi
887 1419 960 1452 fere
982 1420 1110 1452 minime
1132 1424 1189 1452 aut
1211 1421 1398 1466 cognitione
1420 1425 1454 1455 et
1475 1422 1612 1455 scientia
1632 1421 1757 1466 attige-

145 1475 220 1504 runt
242 1474 297 1504 aut
319 1481 380 1503 usu
404 1474 438 1503 et
460 1470 653 1504 tractatione
678 1471 818 1514 amplexi
840 1473 917 1503 sunt
937 1471 1034 1515 illud,
1063 1471 1148 1514 quod
1173 1474 1362 1518 exagitant,
1401 1477 1508 1507 tamen
1534 1484 1598 1507 non
1627 1474 1756 1506 omnino

145 1521 339 1567 negligendi
362 1525 459 1564 atque
483 1522 711 1556 contemnendi
733 1525 820 1565 sunt,
842 1521 1003 1564 siquidem
1025 1526 1116 1556 certe
1139 1524 1259 1566 aliquid
1275 1523 1415 1558 haerere
1437 1526 1523 1559 solet
1544 1535 1587 1559 ex
1607 1526 1660 1569 iis,
1683 1526 1758 1567 qui-

145 1576 207 1608 bus
228 1574 301 1617 quis
330 1573 452 1618 petitus
482 1572 580 1608 suerit
608 1574 783 1609 verborum
812 1574 979 1607 calumniis
1008 1576 1158 1618 quamvis
1185 1576 1351 1622 inanibus,
1386 1578 1451 1611 nisi
1477 1578 1654 1623 diligenter
1681 1578 1757 1612 illae

146 1627 356 1670 repellantur.
402 1626 448 1659 At
469 1627 527 1659 vix
550 1630 619 1671 est,
653 1626 740 1670 quod
761 1636 827 1672 ego
849 1636 935 1660 nunc
956 1626 1078 1661 docere
1100 1629 1235 1662 meliora
1257 1639 1358 1665 coner
1380 1640 1455 1674 eos,
1478 1631 1533 1673 qui
1555 1634 1591 1664 ut
1609 1632 1757 1666 obmute-

146 1680 290 1723 scerent,
313 1678 419 1712 adhuc
440 1687 483 1712 ne
499 1679 710 1712 eruditissimi
724 1678 853 1723 quidem
874 1682 908 1712 et
929 1679 1175 1722 prudentissimi
1196 1681 1270 1726 viri,
1294 1682 1427 1716 veriora
1445 1683 1492 1715 illi
1514 1683 1558 1718 de
1580 1683 1642 1718 hac
1664 1695 1702 1719 re
1724 1685 1756 1718 in

146 1730 284 1764 medium
305 1730 532 1775 proferentes,
568 1731 732 1775 potuerint
759 1734 1024 1777 argumentorum
1051 1741 1193 1766 suorum>
1210 1735 1375 1779 gravitate
1401 1734 1548 1771 efficere.
1591 1736 1674 1770 Illud
1695 1737 1756 1771 hoc

146 1784 217 1815 loco
239 1782 432 1826 defendam,
456 1784 487 1815 si
509 1783 585 1826 quid
607 1784 685 1816 novi
708 1784 963 1817 commendatum
983 1779 1083 1818 fuerit
1111 1796 1217 1828 nuper
1241 1787 1284 1819 ad
1312 1787 1386 1820 illas
1412 1790 1666 1823 exercitationes
1688 1788 1768 1823 lan-⁴

147 1835 213 1868 tine
236 1833 404 1867 scribendi
426 1833 644 1880 adiuvandas,
668 1835 731 1868 hoc
752 1845 818 1869 non
839 1836 886 1869 ita
906 1836 1027 1869 factum
1047 1847 1128 1871 esse
1151 1838 1274 1882 videri,
1296 1841 1332 1871 ut
1353 1839 1490 1873 iudicari
1511 1842 1618 1884 possit
1639 1851 1679 1876 ea
1699 1852 1757 1876 res

147 1886 350 1920 adminiculis
374 1885 566 1928 quibusdam
596 1888 818 1921 sustentanda
839 1898 936 1931 esse,
953 1911 956 1914 -
976 1898 1060 1930 quae
1089 1899 1128 1922 se
1156 1890 1229 1933 ipsa
1257 1891 1320 1923 iam
1335 1901 1414 1936 ¹non
1440 1893 1549 1935 possit
1575 1895 1757 1940 sustinere,

147 1938 209 1972 sed
232 1938 293 1971 hoc
315 1937 530 1980 reputandum
550 1941 605 1971 est
631 1940 768 1983 potius,
791 1940 825 1972 in
855 1943 972 1973 nostra
998 1940 1127 1983 quidem
1155 1943 1262 1985 patria
1283 1943 1346 1976 iam
1375 1943 1431 1976 din
1460 1945 1615 1987 imprimis
1642 1948 1758 1981 artium

147 1991 336 2033 optimarum
365 1993 399 2022 et
427 1990 645 2023 doctrinarum
674 1991 793 2024 studiis
821 1992 959 2026 florente
989 1992 1067 2026 nihil
1096 2003 1236 2037 unquam
1263 1995 1447 2040 neglectum
1475 2006 1571 2042 esse,
1609 1999 1757 2042 quioquid

146 2043 278 2088 egregii
299 2045 356 2075 aut
376 2051 496 2076 recens
527 2044 747 2089 excogitatum
777 2047 834 2077 aut
863 2044 1053 2090 diligentius
1082 2046 1322 2081 consideratum
1344 2051 1378 2082 et
1399 2051 1628 2091 pertractatum
1657 2053 1759 2086 alfer—

1376 2103 1393 2133 ¹
1744 2174 1918 2251 st
