1918 2251
929 49 957 88 9

132 159 189 192 aut
210 156 370 199 quoquam
390 154 455 186 alio
477 153 673 198 institueret,
687 150 751 187 neu
762 153 879 187 bellum
900 156 1057 198 gereret3
1080 153 1160 186 Tae.
1173 152 1284 186 Germ.
1298 152 1351 184 43.
1375 151 1462 184 nullo
1485 149 1625 183 hostium
1646 150 1749 182 susti-

131 212 294 243 nente.—
308 217 442 250 quorum
464 207 548 240 alter
569 207 730 240 Livianus
753 208 826 240 soni
848 207 1006 240 rationem
1028 206 1170 239 habitam
1191 215 1272 248 prae
1295 215 1333 237 se
1355 204 1432 247 fert,
1453 203 1620 236 Tacitinus
1641 202 1750 245 potin·

131 261 218 294 idem
239 260 318 293 illud
340 259 522 302 confirmat,
547 259 633 301 quod
656 259 867 291 observatum
889 261 944 291 est
966 268 1084 302 supra,
1113 259 1247 290 nemine
1269 259 1414 299 spretum
1436 256 1543 288 fuisse
1565 264 1586 286 a
1608 255 1751 297 scripto-

132 314 224 347 ribus
247 311 392 356 optimis3
435 330 479 335 -
521 314 620 354 atque
648 310 732 344 adeo
755 311 798 344 ad
821 311 950 344 dubiam
976 311 1168 355 lectionem,
1205 319 1289 353 quae
1319 312 1373 343 est
1400 309 1475 342 Liv.
1498 307 1630 350 xxm,
1651 309 1683 350 4,
1705 307 1750 339 55

132 367 351 398 Romanorum
385 365 515 402 nullus,
552 359 587 395 si'
616 364 723 405 possit
758 363 838 397 ferri
867 364 1085 395 nominativus
1115 373 1175 405 pro
1211 375 1307 395 nemo
1342 362 1506 404 insolens,
1541 360 1750 393 reiiciendam

131 417 190 450 illa
210 418 259 449 tot
280 416 362 448 locis
384 415 523 458 probata
545 414 746 448 consuetudo
768 415 880 448 valeat
901 414 1033 458 aliquid.

289 502 325 547 S.
347 504 423 536 677.
469 502 659 547 Quicquam
681 504 829 536 similiter
850 504 1016 537 invenitur
1043 503 1164 536 dictum
1191 503 1261 536 Cic.
1287 503 1341 536 De
1362 503 1437 535 InV.
1460 502 1510 546 Π,
1539 502 1602 544 27,
1632 501 1686 532 81.
1706 509 1750 533 ne

131 557 195 591 hoc
216 556 345 600 quidem
366 556 439 598 ipso
463 555 642 599 quicquam
665 565 748 598 opus
771 555 877 589 fuisse
898 555 1016 588 iudico.
1060 574 1105 579 —
1149 554 1221 595 Quo
1250 556 1392 598 pertinet
1413 555 1511 588 etiam
1532 553 1628 596 illud,
1663 550 1750 595 quod

130 610 210 643 Ter.
233 608 339 643 Andr.
361 607 396 652 Ι,
419 608 457 652 1,
480 608 524 640 63
555 608 693 652 legitur:
723 606 971 651 Comperiebam
993 607 1072 641 nihil
1093 607 1137 641 ad
1158 607 1359 651 Pamphilum
1381 607 1560 651 quicquam
1583 603 1750 650 (Chrysi-

132 659 228 705 dem)
255 661 407 693 attinere.
438 677 479 682 —
512 659 672 702 siquidem
700 670 814 703 parum
843 659 947 693 refert
954 683 965 704 ,
998 660 1084 702 quod
1112 661 1203 693 nihil
1234 662 1357 693 tantum
1382 659 1444 692 hoc
1471 659 1544 692 loco
1571 657 1750 691 intenditur

131 714 186 748 illo
210 713 375 745 adiuncto.

289 797 326 843 §-
348 800 424 832 678.
469 798 559 831 Addi
580 798 726 832 fortasse
748 799 930 832 nominibus
952 799 1029 842 illis,
1053 799 1168 841 quibus
1191 798 1397 842 periphrasis
1420 797 1577 841 quaedam
1599 797 1750 831 contine-

132 856 205 896 tur,
228 852 292 884 nisi
315 852 422 884 mavis
445 851 573 895 (ficere,
597 851 782 884 distinctius
805 852 932 884 locutos
955 861 1035 885 esse
1057 851 1240 895 Romanos,
1256 850 1403 894 fructus.
1427 850 1495 884 Cic.
1518 850 1580 894 Ep.
1602 849 1645 883 ad
1655 850 1748 883 Fam.

131 905 208 949 Ego
229 907 264 938 te
286 903 435 936 abfuisse
457 902 579 935 tamdiu
601 912 622 935 a
644 903 739 935 nobis
762 922 805 926 —-
828 903 933 947 dolui,
971 903 1057 946 quod
1089 904 1179 935 carui
1207 903 1313 936 fructu
1332 903 1584 937 iucundissimae
1606 912 1749 936 consue-

133 957 275 1001 tudinis3
297 956 350 989 De
374 954 431 989 0r.
453 950 487 999 Ι,
513 956 549 998 1,
572 957 604 988 2.
650 955 767 997 Neque
788 965 871 989 vero
900 956 996 989 nobis
1025 955 1228 999 cupientibus
1256 958 1354 999 atque
1376 956 1602 999 exoptantibus
1622 955 1749 988 fructus

133 1011 191 1045 otii
214 1009 312 1043 datus
335 1011 390 1042 est
411 1007 454 1041 ad
477 1017 537 1041 eas
560 1010 669 1052 artes,
700 1008 816 1050 quibus
846 1018 867 1042 a
888 1009 1002 1053 pueris
1030 1008 1132 1042 dediti
1153 1008 1290 1053 fuimus,
1325 1008 1540 1042 celebrandas
1561 1009 1646 1042 inter
1667 1018 1750 1041 nos-

133 1074 196 1107 que
219 1061 429 1097 recolendas.
452 1080 495 1085 —-
517 1061 583 1104 ubi,
607 1070 799 1103 quamquam
822 1062 927 1095 altero
949 1061 1021 1095 loco
1045 1061 1247 1094 consuetudo
1270 1061 1367 1094 etiam
1388 1062 1462 1105 ipsa
1483 1063 1674 1105 interrupta,
1696 1061 1749 1094 al—

131 1120 204 1150 tero
228 1115 326 1148 otium
348 1124 391 1148 ne
413 1115 520 1157 ipsum
543 1113 672 1155 quidem
696 1123 890 1147 concessum
912 1113 1132 1159 significatur,
1169 1116 1278 1147 tamen
1300 1113 1387 1156 quod
1414 1114 1478 1147 frui
1504 1115 1570 1147 illis
1591 1114 1751 1158 cupiverit

131 1169 179 1213 is,
203 1168 257 1211 qui
279 1167 410 1211 scribit,
433 1166 571 1199 maxime
593 1165 731 1198 fructum
754 1175 866 1199 eorum
888 1175 928 1199 se
951 1165 1167 1199 desiderasse
1188 1163 1359 1210 prodit1).

289 1252 325 1298 §-
347 1255 423 1286 696.
473 1252 715 1286 Desiderantur
736 1252 817 1297 loci,
840 1253 895 1286 ubi
916 1262 989 1287 cum
1009 1254 1252 1297 pronominibus
1273 1254 1483 1297 possessivis
1504 1254 1566 1299 ita,
1587 1257 1623 1287 ut
1643 1263 1750 1298 paene

131 1318 193 1353 pro
215 1307 363 1353 genitivo
384 1305 525 1349 positum
547 1304 714 1349 videatur,
746 1305 950 1339 coniunctum
972 1309 1027 1339 est
1048 1307 1121 1350 ipse
1152 1307 1350 1339 nominativo
1372 1316 1452 1339 casu
1472 1307 1527 1340 vel
1549 1307 1751 1351 accusativo,

130 1361 188 1394 ubi
209 1360 385 1393 verborum
408 1360 573 1390 structura
594 1366 707 1389 accus.
730 1366 801 1389 cum
823 1357 913 1390 infin.
936 1358 1084 1400 requirit.
1128 1358 1214 1391 Nam
1244 1368 1434 1400 quamquam
1462 1359 1533 1402 ipse
1561 1361 1658 1392 etiam
1685 1369 1751 1403 ge-

133 1414 234 1447 nitivo
257 1412 322 1444 illis
345 1410 529 1444 adiunctum
550 1409 725 1453 invenitur,
755 1411 791 1442 ut
812 1410 888 1443 Liv.
911 1410 944 1454 Ι,
976 1411 1035 1454 28,
1058 1411 1090 1443 4.
1124 1410 1206 1443 Tum
1228 1410 1274 1443 ita
1295 1410 1409 1443 Tullus
1431 1410 1514 1443 infit:
1543 1411 1697 1455 Romani,
1720 1413 1749 1445 si

132 1474 273 1509 unquam
294 1465 371 1497 ante
394 1463 478 1496 alias
500 1462 565 1494 ullo
587 1462 621 1493 in
643 1461 728 1495 bello
751 1461 828 1505 fuit,
860 1462 946 1505 quod
967 1462 1104 1505 primum
1125 1462 1200 1495 Diis
1222 1463 1454 1495 immortalibus
1473 1464 1603 1507 gratias
1625 1474 1752 1508 agere-

134 1520 188 1562 tis,
212 1515 332 1550 deinde
344 1517 482 1549 vestrae
495 1514 640 1557 ipsorum
656 1514 779 1558 virtuti,
802 1513 992 1547 hesternum
1002 1514 1038 1547 id
1059 1514 1217 1557 proelium
1238 1514 1300 1548 fuit
1308 1512 1415 1559 ²)3—
1428 1518 1537 1549 tamen
1558 1516 1658 1562 longe
1680 1517 1753 1551 fre-

132 1571 304 1614 quentiora
327 1571 404 1601 sunt
426 1577 487 1611 ea,
511 1577 595 1609 quae
616 1567 735 1611 generi
757 1566 803 1599 illi
824 1567 927 1610 priori
948 1570 1213 1601 annumerentur.
1236 1567 1306 1601 Cic.
1329 1568 1428 1601 Tusc.
1449 1568 1545 1612 Disp.
1568 1569 1614 1613 V,
1637 1572 1675 1614 4,
1699 1572 1752 1603 11.

133 1624 164 1656 E
188 1623 305 1666 quibus
327 1630 389 1654 nos
411 1620 445 1653 id
467 1620 670 1662 potissimum
693 1620 861 1653 consecuti
883 1630 1013 1663 summ,
1044 1629 1107 1662 qno
1130 1619 1304 1653 Socratem
1326 1630 1420 1653 usum
1440 1621 1695 1666 arbitrabamur,
1718 1627 1752 1655 ut

134 1681 287 1708 nostram
310 1673 380 1718 ipsi
403 1672 600 1706 sententiam
621 1674 812 1716 tegeremus
835 1670 940 1717 [dass
963 1672 1028 1704 wir
1049 1682 1151 1705 unsre
1174 1673 1273 1717 eigne
1293 1672 1433 1705 Ansicllt
1454 1674 1646 1719 verborgen
1668 1675 1752 1709 hiel-

134 1724 232 1770 ten),
267 1735 382 1759 errore
416 1725 500 1757 alios
533 1724 741 1768 levaremus3
786 1724 840 1757 De
873 1722 930 1757 Or.
952 1724 1005 1768 ΙΙ,
1039 1726 1077 1768 2,
1111 1725 1143 1755 8.
1187 1724 1272 1756 Nam
1302 1724 1333 1756 si
1360 1735 1402 1757 ex
1429 1726 1564 1769 scriptis
1595 1730 1750 1771 cognosci

134 1779 199 1821 ipsi
219 1777 292 1810 suis
314 1778 502 1819 potuissent
525 1773 696 1820 (Crassus
719 1778 753 1809 et
774 1773 980 1820 Antonius),
1011 1776 1117 1808 minus
1139 1775 1287 1810 fortasse
1308 1776 1383 1808 mihi
1405 1786 1487 1811 esse
1508 1781 1678 1821 putassem
1700 1780 1751 1812 la-

133 1829 323 1864 borandum.
345 1846 389 1851 —-
412 1836 604 1871 quamquam
626 1828 724 1861 etiam
744 1827 779 1861 in
800 1826 854 1861 his
876 1827 1090 1871 oppositionis
1114 1827 1275 1871 quaedam
1296 1829 1380 1862 ratio
1403 1829 1518 1873 valuit,
1541 1840 1626 1873 quae
1647 1832 1750 1865 altero

293 1959 322 1991 l)
342 1958 387 1986 Cf.
406 1959 463 1985 cie.
481 1958 566 1985 Verr-
584 1959 614 1992 1,
634 1959 677 1994 11,
693 1959 739 1989 33,
756 1959 886 1986 Paetum
902 1961 986 1987 istum
1002 1958 1092 1986 laudis
1110 1966 1185 1996 ηιμ
1201 1959 1262 1988 Liv.
1282 1960 1448 1994 XXXXV,
1466 1960 1516 1994 40,
1532 1961 1560 1988 2.

292 2011 325 2046 2)
346 2011 391 2039 Cf.
411 2012 564 2045 XXXX!‚
581 2012 633 2045 23,
651 2013 677 2041 8.
697 2015 819 2040 nostram
837 2013 959 2048 iptorum
977 2012 1129 2041 libertatem
1148 2012 1243 2040 subrui
1268 2016 1297 2040 et
1320 2014 1418 2039 tentari
1436 2015 1568 2050 potinum
1591 2016 1633 2049 X,
1661 2016 1709 2049 16,
1727 2018 1753 2044 4.

346 2056 449 2081 Omnia
467 2058 595 2090 experto·
613 2065 691 2088 este,
715 2058 746 2082 ni.
758 2058 874 2082 suismet
897 2058 1019 2092 ipsorum
1038 2057 1143 2083 viribus
1170 2056 1289 2083 tolerare
1305 2059 1410 2083 tantam
1427 2057 1525 2083 molem
1543 2058 1606 2084 belli
1623 2063 1752 2094 possent}

347 2098 498 2137 xxvul,
518 2099 566 2133 19,
587 2099 627 2126 1⁰.
646 2108 713 2126 suns
731 2101 855 2136 ipsorum
872 2109 908 2126 ex
925 2101 1090 2127 conscientia
1106 2100 1202 2137 eulpae
1219 2105 1316 2128 metus.

1366 2147 1388 2177 2
