1918 2251
954 5 984 44 4

314 109 368 142 Ex
390 110 433 144 iis
454 111 574 153 tamen,
597 116 682 151 qnae
704 106 800 141 modo
823 109 1157 153 commemoravimus,
1180 119 1277 152 quum
1297 113 1409 146 tantus
1431 110 1557 145 fructus
1579 110 1681 146 fuerit
1700 121 1783 156 per-

159 168 292 209 ceptus,
325 163 403 197 licet
431 161 520 195 nulla
548 163 640 195 certa
662 158 724 204 per
745 160 898 205 singulos
921 170 1027 194 annos
1049 162 1225 205 partitione
1251 162 1331 196 illud
1354 163 1536 198 subsidium
1557 163 1781 209 adhiberetur,

160 218 279 262 quanto
308 215 383 260 plus
411 213 612 258 sperandum
638 216 692 247 est
718 212 761 246 de
790 212 928 246 assidua
958 216 993 247 et
1025 213 1069 247 ad
1097 218 1202 249 artem
1230 215 1393 259 quandam
1420 208 1558 251 redacta
1583 217 1782 262 legibusque

158 269 353 305 certioribus
376 267 537 301 adstricta
559 266 806 309 exercitatione,
830 275 893 308 qua
913 268 1035 299 tantum
1057 267 1155 301 abest
1176 271 1212 301 ut
1230 269 1362 313 longius
1383 270 1507 302 tantum
1529 269 1584 312 qui
1604 269 1781 313 progressi

157 322 289 367 fuerint,
311 323 453 363 utantur,
475 322 511 353 ut
532 319 591 352 vix
614 320 766 362 careant,
784 318 838 361 qui
859 318 1054 361 primoribus
1077 319 1180 354 labris
1202 321 1370 366 gustarint
1391 321 1525 366 linguae
1547 322 1690 367 Latinae
1707 324 1782 356 stu-

159 371 272 410 dium?
295 393 338 398 -
365 368 476 414 Quid?
500 372 586 415 quod
607 371 686 404 illud
709 381 837 414 quoque
859 371 1027 414 plurimum
1048 372 1212 417 proderit,
1244 374 1330 416 quod
1352 376 1532 418 apparatus
1553 375 1698 409 locorum
1718 384 1782 409 ex-

160 428 270 472 quisiti
291 430 326 460 et
355 424 650 469 praestantissimis
679 434 722 457 ex
745 423 961 466 scriptoribus
990 424 1119 458 collecti
1146 425 1211 458 iam
1238 435 1303 459 non
1331 422 1495 460 deerunt?
1533 426 1640 460 Unum
1661 430 1780 471 autem,

160 480 248 525 quod
270 479 378 524 possit
399 478 537 511 maxime
560 486 701 520 nocere,
723 476 783 509 vix
805 479 859 510 est
880 476 966 518 quod
988 487 1136 511 moneam
1158 488 1201 512 ne
1224 478 1422 512 admittatur.
1465 480 1569 514 Nemo
1592 479 1679 513 enim
1700 490 1780 523 pro-

159 535 247 568 fecto
270 541 392 575 eorum,
416 531 470 573 qui
491 532 632 572 possunt
652 529 797 562 iudicare
821 529 862 562 de
884 529 1068 573 linguarum
1090 530 1323 564 tradendarum
1346 532 1483 575 ratione,
1506 532 1602 564 ullam
1613 531 1709 564 huius
1730 532 1780 565 rei

159 590 265 620 artem
291 588 326 619 et
353 584 533 617 doctrinam
561 591 678 615 carere
707 591 810 624 posse
838 580 926 614 dicet
943 583 1237 626 'grammaticorum
1264 584 1508 627 praeceptione.
1534 603 1579 608 —
1612 582 1780 624 Quomodo

159 639 245 673 enim
267 639 464 681 praecepta,
498 634 627 668 etiamsi
654 634 737 666 locis
767 633 949 676 quibusque
979 634 1023 667 ad
1053 635 1266 669 ediscendum
1287 636 1468 678 aptissimis
1498 637 1726 669 contineantur
1746 639 1781 669 et

159 690 321 733 exemplis
349 686 696 721 accommodatissimis
725 685 847 718 fuerint
872 686 1053 729 illustrata,
1088 687 1230 721 haerere
1253 688 1339 720 velis
1362 688 1395 720 in
1417 689 1589 731 memoria,
1611 689 1641 720 si
1663 688 1780 721 rivulis

160 743 227 776 sint
249 741 390 784 diducta,
414 749 480 773 non
502 738 645 771 fontibus
668 736 860 780 quibusdam
882 747 1015 770 numero
1037 738 1164 782 paucis,
1187 739 1218 771 si
1240 738 1409 781 discerpta
1430 739 1562 782 fuerint,
1585 749 1669 782 qnae
1691 740 1781 773 viae

160 793 368 827 similitudine
390 793 476 825 inter
497 801 536 824 se
559 793 651 823 arcte
673 788 888 833 cohaereant,
918 789 950 821 si
971 790 1163 832 perturbata
1184 790 1326 833 denique
1349 791 1456 824 omnia
1477 791 1599 824 fuerint
1620 801 1660 824 ac
1680 801 1781 835 prae-

159 841 320 890 postera?
345 843 528 886 Quomodo,
551 842 598 886 si,
620 850 704 884 quae
727 840 770 874 de
792 843 971 884 temporum
993 852 1056 875 usu
1074 845 1155 875 sunt
1176 843 1419 886 praecipienda,
1443 844 1686 877 commiscueris
1709 853 1781 877 cum

160 900 221 942 iis,
252 898 369 941 quibus
392 897 552 930 nominum
574 897 741 928 structura
761 894 889 937 nititur,
914 894 960 938 si,
982 903 1067 937 quae
1089 894 1132 929 de
1155 905 1255 928 casus
1277 895 1435 938 cuiusque
1457 896 1493 929 vi
1515 899 1549 930 et
1570 899 1688 929 natura
1708 896 1780 929 dis·-

160 950 305 996 putanda
326 952 421 993 sunt,
444 958 516 981 cum
537 948 597 991 iis,
621 956 705 989 quae
734 945 776 979 de
798 945 966 978 modorum
987 947 1115 980 ratione
1136 943 1274 985 valent?
1317 947 1465 981 Manebit
1492 949 1593 992 igitur
1621 949 1719 982 etiam
1746 949 1779 980 in

159 1006 326 1047 posterum
348 1011 410 1034 sua
431 999 663 1045 grammaticae
686 997 832 1042 dignitas
854 1001 953 1040 atque
974 999 1165 1032 auctoritas.
1200 999 1296 1032 Unde
1318 1000 1383 1032 iam
1404 1000 1587 1044 aggredior
1608 1010 1674 1044 ego
1697 1010 1780 1042 quo-

159 1066 233 1099 que,
246 1064 312 1087 non
324 1053 489 1095 diffidens,
511 1061 563 1084 me
585 1049 716 1093 aliquid,
740 1049 826 1092 quod
838 1050 913 1082 usui
934 1050 979 1082 sit
1000 1050 1139 1084 Latinae
1151 1051 1285 1095 linguae
1308 1051 1487 1085 discendae
1504 1052 1673 1096 studiosis,
1695 1052 1779 1084 alla-

158 1111 275 1149 turum,
297 1105 340 1138 ad
352 1101 586 1149 grammaticae
598 1102 814 1144 Zumptianae
827 1101 919 1133 locos
943 1101 1101 1143 quosdam
1122 1103 1348 1146 illustrandos,
1371 1113 1466 1145 quem
1488 1103 1531 1136 ad
1552 1104 1667 1136 librum
1689 1113 1779 1136 com-

158 1157 384 1199 mendandum,
407 1156 491 1189 satis
504 1154 634 1197 quidem
655 1154 826 1196 probatum
848 1153 1018 1198 longinqui
1039 1150 1196 1197 temporis
1218 1165 1292 1199 usu,
1316 1155 1346 1188 si
1366 1156 1535 1198 quicquam
1557 1159 1693 1198 potuero
1715 1154 1778 1188 ad-

158 1212 290 1253 iuvare,
325 1219 391 1242 non
414 1218 496 1241 sane
518 1217 570 1240 me
592 1206 771 1249 poenitebit
793 1205 888 1238 huius
911 1215 1051 1250 operae,
1084 1216 1184 1250 quae,
1214 1217 1310 1250 quum
1333 1217 1411 1240 sero
1434 1210 1592 1250 suscepta
1614 1208 1659 1240 sit
1679 1210 1777 1250 atque

158 1273 199 1297 eo
221 1262 359 1294 maxime
382 1263 528 1303 tempore
553 1258 646 1302 anni,
669 1267 732 1299 quo
755 1258 789 1289 in
812 1257 885 1290 dies
902 1258 1054 1302 singulos
1076 1262 1240 1302 augentur
1262 1259 1406 1292 muneris
1424 1258 1613 1292 scholastici
1635 1269 1778 1303 occupa-

159 1317 285 1358 tiones,
319 1314 377 1346 vix
400 1322 441 1345 ea
464 1311 632 1345 exsistere
654 1310 791 1353 poterit,
816 1319 899 1351 quae
921 1310 963 1343 ab
987 1310 1072 1343 omni
1093 1314 1189 1353 parte
1211 1311 1266 1344 vel
1288 1312 1404 1354 aequis
1426 1310 1586 1344 iudicibus
1608 1313 1775 1355 probetur.

313 1417 439 1458 Quodsi
461 1417 496 1449 in
517 1426 591 1449 eum
613 1424 760 1458 campum
781 1424 868 1447 nunc
890 1414 1019 1448 delatus
1042 1425 1133 1459 sum,
1163 1424 1258 1458 quem
1289 1415 1418 1458 quidam
1439 1416 1536 1458 plane
1557 1419 1775 1460 contemnunt,

159 1471 315 1515 syntaxin
338 1472 499 1511 ornatam,
523 1477 619 1510 quam
641 1467 767 1510 dicunt,
791 1476 885 1499 nemo
908 1467 1085 1500 arbitretur
1107 1477 1160 1501 me
1182 1468 1312 1500 nimium
1334 1468 1399 1500 illis
1423 1468 1517 1510 quasi
1539 1468 1776 1513 elegantiarum

159 1522 404 1558 collectionibus
427 1521 589 1563 tribuere,
612 1529 695 1562 quas
718 1519 840 1552 debeat
861 1519 1074 1562 suppeditare
1096 1520 1194 1553 lectio
1222 1519 1366 1565 diligens
1394 1520 1548 1553 librorum
1570 1521 1775 1565 optimorum,

159 1580 194 1610 at
213 1586 255 1609 ue
283 1576 318 1607 in
340 1574 392 1607 his
416 1572 543 1615 quidem
566 1582 631 1605 non
659 1572 770 1604 valeat
793 1572 923 1603 multum
947 1571 990 1604 ad
1012 1572 1204 1615 tenendum,
1239 1572 1389 1615 quicquid
1411 1572 1584 1617 didiceris,
1617 1573 1647 1604 si
1669 1573 1776 1615 aliqua

158 1631 250 1663 certe
264 1625 496 1670 complexione
525 1624 657 1669 singula
685 1624 772 1657 inter
795 1633 833 1656 se
862 1626 1041 1667 praecepta
1072 1624 1243 1658 coniuncta
1273 1627 1512 1670 proponantur,
1546 1633 1630 1668 quae
1646 1624 1776 1659 cadem

158 1681 263 1725 aptis,
286 1679 401 1722 quibus
424 1678 564 1721 quicque
586 1677 786 1720 illustretur,
809 1676 891 1709 locis
914 1677 1042 1710 minime
1065 1680 1212 1711 careant.

162 1810 165 1813 .
314 1784 385 1817 Iam
411 1785 447 1816 ut
467 1781 705 1827 praecipiamus
735 1781 820 1824 quod
848 1791 914 1815 non
947 1782 1087 1827 elegans
1109 1784 1234 1815 tantum
1256 1781 1365 1815 Latini
1387 1782 1549 1816 sermonis
1572 1783 1773 1818 cousuetudo

159 1838 298 1872 admittit
326 1836 382 1869 vel
403 1835 621 1878 commendat,
656 1833 719 1867 sed
747 1845 829 1867 usus
850 1844 957 1877 paene
987 1834 1117 1867 dicendi
1146 1835 1309 1877 postulat,
1353 1833 1389 1877 §-
1417 1837 1494 1868 676.
1515 1836 1629 1878 paucis
1659 1837 1773 1877 verbis

160 1888 354 1925 monendum
374 1887 480 1922 fuisse
503 1887 692 1931 existimes,
722 1886 835 1919 nullus
857 1885 1052 1920 adiecticum
1073 1886 1131 1919 vix
1153 1885 1289 1931 adiungi
1313 1886 1354 1920 iis
1376 1887 1576 1933 nominibus,
1599 1887 1773 1930 adiectivis

159 1943 300 1987 quidem,
323 1951 407 1984 quae
428 1950 562 1975 numero
585 1940 701 1983 plurali
722 1939 851 1983 prolata
873 1939 1081 1982 saepissime,
1104 1939 1265 1983 singulari
1288 1949 1515 1982 nonnunquam
1536 1951 1595 1983 pro
1615 1941 1774 1982 substau-

159 1996 238 2028 tivia
259 1996 469 2036 usurpantur.
514 1992 553 2024 ln
574 2001 637 2034 quo
660 2001 787 2035 genere
809 1991 947 2024 maxime
970 1991 1248 2024 commemoranda
1271 1995 1348 2025 sunt
1376 1993 1506 2025 uomina
1530 1993 1667 2037 gentilia
1689 2002 1773 2034 quae

160 2048 324 2092 dicuutur,
345 2045 463 2090 quibus
485 2044 582 2089 plane
604 2043 767 2078 adhaeret
787 2056 895 2078 nemo.
942 2042 1012 2079 Cic.
1036 2042 1093 2079 0r.
1116 2054 1186 2088 pro.
1208 2044 1323 2079 Plane.
1346 2043 1464 2090 vnn,
1485 2046 1539 2079 22.
1567 2044 1679 2079 Nemo
1701 2044 1773 2079 Ar-
