1918 2251
917 16 945 56 5

121 120 224 172 pinne
250 132 322 158 'non
349 121 486 161 Plancio
522 120 661 167 studuit,
696 132 794 154 nemo
807 120 994 159 „Samma-5,
1032 131 1129 153 nemo
1159 117 1320 160 Casinas,
1357 131 1454 153 nemo
1483 119 1652 164 Aquinas.
1695 138 1737 144 —

121 178 220 212 Verr.
241 177 292 222 Π,
326 176 378 220 11,
411 177 471 219 46,
495 175 568 208 113.
612 174 786 208 Postremo
808 175 906 207 estne
928 172 981 206 hic
1002 168 1240 217 (Sthenius),
1258 172 1313 215 qui
1335 175 1370 207 et
1389 172 1530 206 animum
1551 173 1584 206 in
1606 183 1740 216 rempu-

121 223 239 265 blicam
259 229 372 265 habuit
392 227 551 266 eiusmodi
572 229 607 261 et
628 229 752 265 tantum
772 226 966 260 auctoritate
998 225 1085 269 apud
1115 234 1197 258 suos
1226 224 1321 259 cives
1349 226 1470 270 potuit,
1499 229 1536 258 ut
1563 226 1739 269 perliceret

121 275 156 316 in
178 282 294 317 Sicilia
315 280 425 325 solus,
447 283 481 314 te
503 282 676 324 praetore,
705 278 791 321 quod
813 287 879 311 non
900 277 995 310 modo
1019 278 1153 310 Siculus
1174 289 1291 316 nemo,
1321 277 1384 312 sed
1406 288 1449 312 ne
1473 277 1588 311 Sicilia
1609 277 1739 321 quidem

121 338 190 369 tota
212 328 401 379 potuisset?
422 352 466 357 —
499 333 575 366 Liv.
597 330 665 376 111,
693 333 754 376 60,
776 332 809 364 3.
852 330 980 365 Hostes
1002 329 1141 374 medium
1163 330 1249 364 inter
1271 330 1348 364 bina
1370 333 1482 365 castra
1504 330 1644 375 spatium
1665 331 1737 366 acie

121 389 281 421 instructa
304 386 523 429 complebant3
546 384 869 428 provocantibusque,
884 382 928 415 ad
950 383 1107 426 proelium
1128 392 1325 426 responsum
1340 383 1516 416 Romanus
1537 396 1635 416 nemo
1658 384 1738 418 red-

121 439 231 474 debat.
253 457 297 462 —-
319 438 416 481 VIlI,
438 439 499 480 30,
522 438 555 470 3.
599 437 738 480 Fabius,
761 445 857 479 quum
876 438 953 478 post
973 434 1208 479 profectionem
1230 434 1401 469 dictatoris
1424 447 1485 480 per
1507 436 1737 480 exploratores

121 481 355 535 comperisset,
391 489 529 534 perinde
558 490 664 523 omnia
692 489 808 522 soluta*
829 487 915 531 apud
943 486 1077 533 hostes,
1111 498 1151 521 ac
1173 488 1204 520 si
1224 501 1321 521 nemo
1348 488 1523 522 Romanus
1545 489 1580 522 in
1602 489 1737 523 Samnio

121 547 235 589 esset3
258 554 321 577 seu
342 543 439 576 ferox
462 542 661 576 adolescens
683 541 879 585 indignitate
900 550 1081 584 accensus,
1105 540 1191 583 quod
1213 542 1320 574 omnia
1340 542 1375 574 in
1395 542 1555 576 dictatore
1578 541 1738 576 videren-

120 599 174 629 tur
202 595 350 640 reposita
378 605 474 638 esse,
512 605 575 627 seu
605 594 779 628 occasione
808 593 893 634 bene
914 592 1085 637 gerendae
1113 593 1163 626 rei
1189 593 1357 638 inductus,
1395 595 1543 628 exercitu
1574 595 1737 628 instructo

120 651 318 691 paratoque,
341 647 508 690 profectus
531 646 575 679 ad
595 646 782 679 Imbrinium
802 662 846 668 -·
867 645 939 677 acie
963 654 1035 677 cum
1056 645 1256 678 Samnitibus
1279 644 1482 691 connixivj.
1528 666 1571 671 -

276 751 329 784 Ac
351 751 500 784 similiter
521 750 638 784 iisdem
659 749 842 782 nominibus
864 749 1003 782 Romani
1023 748 1189 782 addebant
1217 752 1312 783 extra
1340 753 1518 794 negantem
1539 753 1737 786 sententiam

119 813 161 836 ea
188 804 394 847 pronomina,
430 812 514 845 quae
541 812 623 846 prae
651 812 691 835 se
719 801 847 835 ferrent
882 801 1159 834 substantivorum
1193 802 1354 844 quandam
1387 803 1454 835 vim
1489 813 1529 836 ac
1562 805 1736 838 notionem.

119 854 221 888 Caes.
243 855 285 888 Β.
309 855 351 888 G.
371 854 468 900 VIII,
490 856 545 887 48.
574 854 680 887 Unum
701 852 781 887 illud
803 856 886 896 orat,
908 855 944 884 ut
965 853 1071 890 timori
1093 863 1153 885 suo
1176 853 1385 898 concedatur,
1407 864 1450 888 ne
1472 856 1506 888 in
1528 860 1737 900 conspectum

119 908 232 941 veniat
253 908 451 951 cuiusquam
474 907 637 942 Romani.
669 924 710 929 --
737 906 812 938 Liv.
835 904 948 948 XXV,
970 907 1029 949 29,
1051 907 1084 937 2.
1115 906 1232 948 Neque
1254 907 1367 950 primo,
1390 907 1507 952 inquit,
1531 908 1736 952 Syracusani

119 969 141 992 a
163 960 260 992 vobis
290 958 487 1002 defecimus,
525 958 587 991 sed
610 959 849 1001 Hieronymus,
886 966 1090 999 nequaquam
1119 961 1184 990 tam
1206 959 1239 990 in
1261 968 1324 991 vos
1346 959 1462 1001 impius
1485 971 1579 1003 quam
1599 962 1633 994 in
1654 972 1735 1008 nos3

123 1020 185 1044 nec
206 1014 325 1054 postea
347 1020 461 1055 pacem
483 1011 615 1053 tyranni
637 1009 740 1043 caede
762 1009 990 1053 compositam,
1013 1009 1243 1053 Syracusanus
1265 1011 1459 1054 quisquam,
1490 1013 1553 1046 sed
1574 1015 1734 1049 satellites

120 1063 206 1108 reg-ii
219 1063 440 1106 Hippocrates
458 1065 492 1095 et
506 1062 687 1106 Epicydes,
711 1062 883 1104 oppressis
896 1061 991 1093 nobis
1013 1060 1089 1093 hinc
1101 1064 1199 1105 metu,
1221 1061 1296 1095 hinc
1318 1062 1444 1108 fraude,
1467 1065 1735 1111 turbaverunt2).

280 1165 392 1207 Quare
414 1166 511 1199 facile
533 1166 630 1200 etiam
651 1164 729 1201 illud
750 1168 898 1209 apparet,
921 1174 980 1197 cur
1001 1165 1099 1196 homo
1122 1174 1225 1209 saepe
1248 1165 1428 1200 adiiciatur.
1452 1167 1522 1202 Cic.
1546 1169 1587 1203 de
1610 1169 1667 1204 Or.
1690 1171 1735 1216 11,

123 1220 181 1264 IS,
204 1219 258 1251 75.
303 1217 389 1258 Quid
411 1219 497 1251 enim
518 1221 575 1252 aut
595 1217 807 1262 arrogantius
828 1219 885 1249 aut
905 1217 1073 1258 loquacius
1102 1217 1174 1250 fieri
1195 1219 1313 1262 potuit,
1344 1229 1440 1262 quam
1462 1221 1653 1267 Hannibali,
1681 1222 1736 1266 qui

109 1273 171 1315 ‘tot
192 1280 301 1303 annos>
321 1270 364 1304 de
386 1270 520 1313 imperio
545 1279 615 1302 cum
636 1269 754 1313 populo
777 1269 923 1301 Romano
947 1268 1085 1301 omnium
1106 1270 1252 1313 gentium
1274 1271 1399 1305 victore
1422 1276 1601 1318 certasset,
1625 1274 1736 1309 Grae-

121 1335 199 1356 cum
221 1323 408 1361 hominem,
448 1322 502 1364 qui
524 1331 686 1364 nunquam
707 1321 850 1365 hostem,
888 1330 1050 1363 nunquam
1080 1325 1192 1355 castra
1214 1323 1374 1367 vidisset,
1412 1335 1572 1368 nunquam
1594 1327 1735 1371 denique

121 1376 282 1409 minimam
302 1377 429 1418 partem
450 1375 546 1407 ullius
568 1374 686 1417 publici
707 1374 850 1407 muneris
873 1373 1059 1417 attigisset,
1088 1378 1265 1418 praecepta
1287 1376 1329 1409 de
1352 1387 1389 1409 rc
1411 1378 1538 1410 militari
1562 1376 1670 1413 dare?
1692 1400 1736 1405 —

122 1428 215 1461 Brut.
239 1429 299 1471 85,
326 1429 402 1459 294.
448 1425 539 1466 Quos
568 1427 653 1460 enim
680 1436 723 1459 ne
751 1436 770 1459 e
800 1426 940 1458 Graecis
973 1425 1102 1467 quidem
1129 1429 1299 1470 quisquam
1327 1429 1444 1461 imitari
1473 1434 1600 1475 potest,
1635 1433 1677 1466 iis
1700 1438 1735 1467 tu

123 1489 294 1522 comparas
317 1479 488 1511 homiuem
515 1478 759 1517 Tusculanum,
784 1477 925 1510 nondum
946 1478 1184 1522 suspicantem,
1218 1480 1313 1522 quale
1343 1485 1436 1514 esset
1464 1484 1598 1525 copiose
1620 1488 1656 1518 et
1678 1496 1735 1518 or-

123 1535 201 1565 nate
237 1531 359 1565 dicere.
398 1550 442 1555 -
485 1531 548 1574 Ep.
583 1530 627 1563 ad
655 1530 724 1563 Att.
760 1530 795 1575 I,
830 1532 887 1574 16,
929 1531 962 1562 5.
1007 1528 1108 1575 Quid,
1149 1531 1267 1576 inquit,
1302 1533 1434 1566 homini
1454 1534 1623 1579 Arpinati
1663 1548 1736 1572 cum

123 1584 228 1617 caldis
240 1579 304 1627 ³)‘3
320 1602 362 1606 —
375 1584 491 1626 quibus
514 1583 644 1626 quidem
664 1583 759 1627 locis,
780 1583 845 1615 nisi
866 1590 938 1615 cum
959 1584 1175 1617 contemtione
1197 1584 1335 1626 quadam
1356 1587 1496 1629 scriptor
1516 1588 1641 1623 addere
1663 1601 1736 1624 ma.

122 1636 241 1677 luisset
263 1635 400 1669 hominis
415 1635 714 1681 significationem,
736 1637 827 1669 certe
855 1644 1033 1679 pronomen
1055 1636 1251 1679 qaisquam,
1276 1637 1331 1670 vel
1358 1639 1548 1683 quispiam,
1578 1642 1634 1675 vel
1664 1645 1735 1676 ali-

123 1689 197 1732 quis
219 1689 402 1734 adiungere
424 1688 583 1732 debebat,
619 1688 715 1730 quale
737 1691 792 1721 est
811 1687 889 1721 illud
924 1686 994 1720 Cic.
1023 1686 1079 1720 0r.
1102 1689 1161 1732 70,
1184 1690 1258 1722 232.
1303 1691 1419 1733 Neque
1441 1701 1522 1725 vero
1543 1703 1734 1730 ornamenta

123 1741 188 1773 ista
210 1740 376 1784 villarum,
410 1741 525 1783 quibus
549 1741 589 1773 L.
610 1740 758 1774 Paullum
780 1743 814 1774 et
835 1741 875 1773 L.
897 1740 1095 1782 Mummium,
1132 1742 1185 1782 qui
1212 1742 1313 1775 rebus
1336 1742 1386 1775 his
1409 1744 1522 1777 urbem
1544 1746 1732 1792 Italiamque

124 1803 249 1826 omnem
283 1792 508 1838 referserunt,
543 1794 586 1826 ab
619 1794 734 1838 aliquo
764 1792 863 1827 video
896 1792 1218 1837 perfacileDeliaeo
1245 1798 1303 1828 aut
1323 1795 1423 1839 Syrio
1452 1799 1602 1841 potuisse
1631 1813 1732 1846 supe-

282 1915 312 1950 1)
331 1915 377 1943 cf.
397 1915 520 1949 xxm,
537 1915 570 1950 8,
587 1916 619 1950 ⁵3
655 1916 794 1951 xxvii,
806 1916 844 1950 ⁵,
861 1917 895 1951 ⁴⁵
928 1915 1081 1951 xxvm,
1104 1916 1154 1951 38,
1171 1917 1197 1945 a.

279 1968 312 2000 2)
330 1967 375 1997 cf.
392 1969 452 1994 mv.
471 1969 576 2000 xxx,
597 1969 645 2002 12,
667 1970 707 1996 u.

280 2020 312 2054 3)
331 2019 375 2048 Cf.
393 2020 476 2049 Tuae.
495 2021 573 2057 Disp.
592 2020 637 2054 V,
661 2022 711 2054 23,
735 2021 785 2055 6153
823 2021 867 2046 De
887 2021 968 2056 Ian-gg.
986 2021 1016 2056 1,
1042 2022 1073 2056 1,
1097 2023 1130 2053 ⁴⁴,
1163 2021 1207 2049 De
1225 2022 1294 2050 Nat.
1313 2024 1383 2052 neo.
1401 2024 1430 2058 l,
1448 2026 1496 2063 33,
1519 2027 1583 2061 ¹9¹3
1613 2029 1654 2055 De
1673 2030 1732 2057 Fut,

332 2064 364 2097 2,
382 2064 415 2098 ⁴5
453 2066 494 2091 De
511 2066 574 2094 Seu.
592 2065 695 2099 4,12;
731 2065 792 2092 Liv.
811 2066 903 2098 vul,
921 2067 955 2100 5,
973 2066 1000 2092 7.
