1918 2251
155 138 212 172 fes
235 135 319 170 satis
341 134 558 179 invaluerint,
575 134 626 169 'ita
654 134 886 178 festinantibus
913 132 956 167 ad
979 133 1160 166 litterarum
1189 128 1298 163 studia
1319 128 1436 162 altiora
1458 135 1622 169 quaeque,
1650 127 1686 158 ut
1713 126 1766 159 vel

152 189 285 235 legibus
307 187 519 222 sanciendum
540 187 648 232 suerit,
671 187 769 221 facile
790 186 869 220 illud
891 186 1034 220 occurrit
1054 188 1194 227 tempus,
1212 181 1304 225 quod
1326 179 1476 224 quamvis
1497 181 1605 221 aptum
1626 178 1699 211 iure
1715 176 1768 210 di-

153 245 247 278 eatur
275 241 319 275 ad
345 250 454 277 rerum
482 241 689 284 plurimarum
717 240 934 285 cognitionem
964 239 1069 272 animo
1097 246 1137 270 ac
1166 235 1320 269 memoria
1352 230 1624 277 amplectendam,
1657 233 1768 264 tamen

153 296 211 330 vix
232 295 319 328 idem
341 293 613 326 accommodatum
644 293 874 336 existimetur,
903 292 967 324 nisi
995 290 1080 334 quod
1102 287 1276 332 aliquando
1299 296 1402 330 prope
1424 286 1593 322 immature
1614 293 1767 328 magnum

152 346 318 383 exstiterit
339 347 522 391 ingenium,
545 345 589 378 ad
611 355 737 379 omnem
759 345 900 378 indolem
921 346 956 377 et
976 344 1143 388 ingentem
1164 341 1252 373 illam
1273 340 1455 373 ubertatem
1476 336 1665 379 copiamque
1685 345 1767 379 per-

150 398 351 435 noscendam
381 401 480 441 atque
510 397 594 431 adeo
624 397 821 442 elegantiam
848 396 1008 440 quandam
1036 394 1285 428 Ciceronianam
1315 392 1388 426 eius
1417 391 1552 435 linguae
1580 398 1766 431 assequen-

152 452 242 496 dam,
266 451 357 484 cuius
380 450 468 483 nulla
490 459 533 483 ne
554 449 737 483 rudimenta
759 449 888 492 quidem
909 449 950 481 ab
972 448 1062 481 initio
1085 447 1261 480 attulerint.

307 557 381 589 Nec
403 565 484 590 vero
513 556 547 590 in
577 559 669 590 tanta
696 555 889 590 discentium
916 556 1117 599 frequentia,
1153 564 1217 598 qua
1245 554 1342 588 etiam
1368 561 1455 585 nunc
1483 550 1602 583 multae
1631 547 1764 581 scholae

151 609 376 650 celebrantur,
405 609 503 641 multo
525 608 749 651 frequentiora
769 610 846 642 item
875 608 1010 652 ingenia
1032 608 1150 641 eximia
1172 607 1377 649 exstiterint,
1405 605 1499 636 immo
1522 603 1556 635 in
1577 602 1650 644 ipso
1673 603 1763 632 tanto

149 662 284 695 numero
312 661 429 694 multos
458 660 501 693 ad
531 661 648 694 altiora
677 661 787 694 studia
815 661 965 704 aspirare
996 663 1092 703 putes
1121 659 1208 691 haud
1228 658 1323 691 nimis
1345 657 1492 690 idoneos.
1538 653 1631 695 Quae
1653 656 1764 686 tamen

149 713 316 752 multitudo
339 723 457 745 rursus
480 713 514 745 in
535 714 589 745 illo
612 713 781 747 doctrinae
803 723 931 757 genere
952 713 1007 746 vel
1036 723 1096 755 per
1126 722 1166 744 se
1193 711 1300 755 magis
1330 711 1443 753 obest,
1478 707 1647 751 quominus
1674 703 1764 748 quod

150 765 298 799 omnibus
321 764 463 797 sufficiat
484 764 634 807 discipuli
657 768 914 809 consequantur,
938 774 1032 807 quam
1053 765 1087 796 in
1108 763 1254 805 reliquis.
1276 764 1361 795 Nam
1382 762 1416 794 in
1438 761 1500 793 hoe
1520 759 1648 802 quidem
1671 766 1764 790 cam—

149 823 192 863 po
214 815 308 851 nemo
331 817 456 860 nescit,
480 817 618 850 maxime
640 816 792 861 singulos
815 826 875 849 suo
898 825 1058 860 quemque
1080 815 1199 849 auxilio
1222 824 1336 860 egere.
1359 814 1404 846 Et
1426 822 1509 856 quae
1531 811 1697 855 plurimum
1718 809 1763 841 il-

148 870 213 904 lam
235 868 402 903 scribendi
424 869 610 902 facultatem
633 869 809 913 adiuvent,
831 868 985 912 loquendi
1007 868 1278 912 exercitationes,
1307 867 1425 901 iisdem
1450 875 1555 909 paene
1577 864 1676 897 rebus
1698 862 1762 895 ob-

148 922 268 956 noxiae
291 924 377 964 sunt,
401 921 466 953 nisi
488 921 575 963 quod
597 920 725 954 accedit
747 921 844 954 etiam
865 920 962 964 illud,
990 923 1042 964 ut,
1071 920 1125 962 qui
1148 920 1309 964 linguam,
1338 929 1402 962 qua
1429 919 1473 951 sit
1494 919 1527 950 in
1549 914 1760 958 colloquendo

148 974 313 1018 utendum,
332 983 397 1006 non
420 976 455 1020 et
475 983 519 1007 ex
538 974 678 1007 lectione
695 973 849 1006 librorum
863 973 1054 1016 optimorum
1074 975 1108 1006 et
1124 982 1167 1006 ex
1180 972 1343 1015 scriptura
1358 973 1441 1005 satis
1461 972 1524 1004 iam
1541 970 1683 1003 habeant
1700 977 1761 1001 co-

148 1027 291 1073 gnitam,
314 1035 478 1069 perverse
500 1026 588 1068 loqui
608 1035 772 1070 perverse
794 1025 956 1068 loquendo
978 1018 1128 1059 facillime
1151 1027 1403 1067 consequantur.
1447 1024 1596 1066 Denique
1617 1031 1659 1054 ne
1680 1019 1760 1053 illud

149 1077 279 1122 quidem
300 1077 397 1121 parvi
419 1077 603 1112 faciendum
625 1088 705 1111 esse
727 1077 838 1122 dicas,
875 1077 961 1121 quod
987 1078 1085 1111 toties
1115 1077 1249 1110 audiunt
1277 1086 1317 1110 ac
1344 1077 1459 1121 legunt
1485 1076 1541 1109 vel
1567 1076 1608 1119 ii,
1643 1074 1759 1121 quibus

149 1130 340 1165 discendnm
363 1133 436 1174 est,
468 1130 705 1164 contemnenda
727 1140 808 1164 esse
830 1133 865 1164 et
886 1130 1069 1164 abiicienda
1090 1131 1162 1172 illa,
1198 1139 1282 1172 quae
1303 1130 1388 1162 ultro
1410 1129 1517 1162 multis
1540 1130 1671 1172 propter
1692 1124 1761 1158 dif-

148 1184 338 1226 ficultatem,
363 1183 436 1215 sine
458 1192 523 1225 qua
544 1182 639 1226 nihil,
670 1192 712 1215 ne
734 1183 768 1214 in
790 1182 908 1215 litteris
932 1182 1077 1226 quidem,
1106 1182 1217 1226 magni
1240 1182 1433 1226 acquiritur,
1461 1180 1549 1214 haud
1569 1180 1662 1213 nimis
1684 1178 1760 1221 pla-

149 1238 242 1270 cent.·
256 1234 428 1277 Arripiunt
448 1234 561 1278 facile,
582 1235 648 1267 nisi
670 1234 724 1277 qui
744 1234 794 1267 rei
816 1234 977 1278 singulari
1000 1234 1138 1277 quodam
1160 1244 1271 1268 amore
1293 1234 1442 1278 occupati
1464 1236 1550 1278 sunt,
1572 1231 1760 1267 excusatio-

147 1299 210 1323 nes
232 1287 371 1321 inertiae
395 1286 561 1319 cuiusdam
585 1287 667 1319 satis
692 1287 875 1330 speciosas.
920 1285 1031 1327 Quare
1052 1287 1131 1320 illud
1160 1287 1257 1320 etiam
1284 1297 1388 1331 prope
1413 1286 1589 1327 mirandum
1616 1284 1759 1326 w'detur,

149 1339 307 1385 quomodo
331 1339 404 1383 liat,
427 1341 462 1372 ut
483 1342 575 1372 certe
596 1340 704 1382 aliqua
725 1349 804 1382 pars
828 1348 940 1372 eorum
961 1339 1296 1384 adolescentulorum,
1325 1340 1379 1383 qui
1406 1340 1440 1373 in
1461 1339 1656 1373 Academias
1677 1346 1759 1380 pro-

149 1394 352 1436 ficiscuntur„
383 1392 458 1424 sive
481 1392 613 1436 ingenio
637 1392 711 1424 sive
733 1391 894 1424 industria
914 1391 1039 1436 insigni
1060 1392 1147 1424 illam
1168 1394 1291 1425 tantam
1318 1403 1426 1426 rerum
1446 1390 1674 1425 discendarum
1695 1398 1758 1421 va-

149 1447 299 1480 rietatem
321 1447 355 1477 et
377 1444 503 1486 copiam
524 1443 630 1486 aliquo
653 1443 747 1475 modo
770 1446 1002 1486 pertractatam
1024 1444 1163 1487 habent,
1198 1444 1305 1477 subito
1336 1454 1376 1477 ac
1397 1445 1490 1478 brevi
1510 1447 1670 1486 tempore,
1694 1450 1756 1483 quo

148 1499 245 1533 etiam
268 1496 310 1529 de
333 1496 470 1529 materia
491 1495 657 1529 scribendi
679 1497 732 1528 est
753 1494 986 1539 meditandum,
1018 1497 1215 1539 scriptiones
1245 1497 1329 1529 satis
1356 1506 1437 1540 pure
1459 1499 1492 1530 et
1512 1495 1683 1529 emendate
1703 1496 1757 1525 at-

135 1548 211 1594 >que
234 1548 336 1592 adeo,
372 1548 457 1590 quod
486 1558 569 1582 sane
591 1547 798 1591 paucioribus
822 1547 996 1591 contingit,
1031 1548 1204 1592 eleganter
1234 1550 1431 1592 compositas
1458 1548 1641 1582 exhibeant.
1684 1546 1757 1579 Illis

147 1602 255 1636 tamen
279 1602 425 1644 caussis,
455 1600 570 1643 quibus
601 1600 686 1633 aliae
708 1602 847 1643 possunt
869 1599 961 1643 addi,
985 1609 1028 1633 ex
1045 1601 1202 1643 cuiusque
1225 1601 1358 1635 scholae
1379 1601 1533 1645 peculiari
1554 1601 1681 1633 ratione
1704 1602 1758 1632 at-

148 1665 211 1700 que
235 1653 436 1687 institutione
457 1652 661 1696 pendentes,
700 1651 785 1695 qnod
819 1652 889 1686 fieri
917 1652 1039 1697 possit,
1068 1656 1103 1686 ut
1131 1653 1301 1686 multorum
1330 1653 1557 1697 discipulorum
1586 1656 1678 1687 certe
1700 1661 1757 1686 re-

147 1706 317 1740 tardentur
338 1706 372 1738 in
394 1716 445 1749 eo,
468 1705 509 1738 de
533 1715 594 1748 quo
617 1705 737 1749 agitur,
760 1704 937 1749 studiorum
958 1714 1086 1749 genere
1108 1715 1324 1751 progressus,
1346 1707 1408 1740 alio
1430 1706 1578 1739 subsidio
1601 1710 1636 1739 et
1656 1714 1756 1738 orna-

149 1762 272 1802 mento,
300 1761 336 1790 ut
358 1760 597 1806 compensetur>
617 1758 725 1800 aliquo
748 1757 843 1790 modo
867 1757 952 1800 quod
975 1757 1127 1792 videatur
1157 1760 1213 1793 ex'
1231 1758 1297 1792 illis
1325 1758 1562 1802 impedimentis
1589 1759 1682 1792 nasci
1703 1758 1756 1791 in-

148 1810 400 1854 commodi,'illa
419 1811 592 1854 disciplina
613 1807 817 1844 existimatur
838 1810 1035 1843 adiuvanda.
1058 1810 1169 1854 Atque
1183 1811 1262 1845 illud
1283 1811 1457 1845 valiturum
1479 1822 1558 1846 esse
1577 1812 1752 1855 plurimum,

146 1869 228 1898 usus
250 1864 315 1896 iam
338 1862 411 1905 ipse
433 1863 666 1904 quodammodo
689 1863 930 1907 comprobavit,
966 1863 996 1895 si
1018 1863 1147 1906 quidem
1168 1865 1257 1896 multi
1280 1864 1472 1898 discentium
1493 1868 1633 1907 possunt
1654 1865 1754 1897 docu-

147 1918 255 1951 mento
278 1925 376 1959 esse,
412 1924 545 1957 quorum
567 1918 603 1948 ut
625 1916 762 1958 quisque
785 1915 952 1958 plurimam
972 1925 1106 1959 operam
1129 1916 1237 1960 dedit,
1268 1926 1310 1950 ne
1333 1910 1417 1960 quae
1439 1917 1543 1951 semel
1565 1916 1755 1951 edidicisset

147 1973 182 2004 et
202 1968 377 2002 memoriae
399 1967 590 2001 mandasset
603 1978 645 2000 ex
659 1968 847 2010 optimorum
869 1968 1063 2011 scriptorum
1084 1969 1176 2001 libris
1198 1972 1254 2001 aut
1275 1969 1422 2003 iacerent
1442 1971 1596 2015 neglecta
1617 1973 1672 2002 aut
1691 1979 1755 2002 ex-

148 2021 295 2055 ciderent
316 2029 452 2063 rursus,
490 2020 535 2051 ita
563 2022 720 2070 maximos
749 2029 951 2064 progressus
974 2020 1098 2054 fecisse
1120 2021 1161 2053 iis
1183 2022 1452 2064 praeceptoribus
1474 2026 1527 2055 est
1548 2026 1755 2068 perspectus,

147 2073 201 2116 qui
223 2081 383 2116 nunquam
405 2072 490 2104 illam
513 2071 731 2116 neglexerunt
754 2071 841 2105 viam
861 2081 902 2105 ac
924 2072 1082 2106 rationem
1104 2072 1253 2106 docendi.

1323 2128 1338 2158 1
1364 2126 1393 2154 *t
